4754 5880
907 419 910 425 1
969 339 1212 406 1666116111.
2038 347 2079 409 16

529 522 625 593 2413.

351 676 471 742 Busa
493 677 809 744 BULLINGERO.

179 847 308 912 Laudat
335 849 404 912 6166
441 847 671 931 Apolopetioom
704 849 924 930 expositionem
958 855 1064 916 666116

91 931 313 1083 3616161616
334 939 362 999 61
381 939 494 998 661161
515 935 631 999 miton
649 936 716 1000 litis
735 934 832 1000 Vireti
853 942 960 1001 666116
979 935 1062 1001 Voc-

91 1188 144 1254 (nx
168 1188 337 1258 autographo
360 1190 441 1243 Arcb.
464 1190 552 1244 Turio.
578 1191 649 1246 Plnt.
668 1190 715 1243 Vl.
741 1190 799 1244 Vol.
824 1190 882 1253 166,
905 1192 969 1245 61161
992 1193 1016 1245 n
1036 1209 1061 1260 p.

91 1257 170 1311 Torn.
188 1255 230 1321 at,
248 1259 294 1310 161.
313 1256 354 1310 86.
374 1286 404 1295 -
424 1259 522 1312 Exstat
540 1276 648 1328 qnoque
665 1260 693 1312 in
710 1259 793 1313 ecco
813 1260 912 1314 116666.
931 1259 991 1322 119,
1015 1209 1063 1314 lbi.

91 1324 152 1393 140,
169 1333 198 1378 et
216 1326 288 1391 1111),
306 1327 353 1381 iol.
371 1325 412 1392 19,
431 1335 460 1380 ct
477 1329 681 1466 opensgrtriffiussn
699 1327 757 1381 Vol.
775 1327 809 1381 81
827 1329 925 1397 ubique
944 1330 1002 1382 sine
1021 1330 1062 1382 in·

178 1565 212 1629 S.
241 1565 314 1649 Ego
344 1586 422 1630 vero
452 1566 519 1646 tibi,
548 1569 593 1631 mi
618 1577 721 1650 pater,
743 1588 898 1652 magnam
919 1569 1060 1652 gratiam

89 1650 194 1715 habeo
219 1671 276 1733 616
303 1652 434 1717 6616616
459 1662 515 1717 166
537 1653 655 1731 libello,
677 1673 774 1734 quem
796 1651 837 1718 ad
858 1674 911 1718 mo
933 1654 1061 1733 misisti,

88 1736 127 1799 in
147 1736 305 1818 quonihil
328 1758 393 1801 non
406 1759 534 1803 summa
546 1738 642 1803 lande
654 1737 789 1822 dignum
801 1739 942 1804 invenio.
972 1740 1059 1804 Nam

89 1822 154 1886 etsi
179 1823 314 1886 fortasse
337 1823 500 1888 videberis
523 1824 689 1889 nonnullis
711 1845 884 1891 excurrere
906 1826 940 1889 in
963 1847 1061 1908 argu-

89 1914 201 1971 mento
226 1908 395 1990 utriusque
418 1911 452 1973 in
480 1908 613 1974 Christo
633 1922 767 1975 naturae
785 1909 985 1993 explicando,
1010 1923 1058 1975 ta-

89 2013 167 2056 men
197 1994 274 2075 quia
297 1993 359 2059 hoo
393 1993 642 2060 fundamentum
660 2006 711 2060 661
727 1997 907 2060 firmissimi
929 1997 1059 2061 616611-

90 2077 216 2142 dissimi
238 2078 395 2144 adversus
417 2091 551 2155 nostros,
575 2081 608 2145 id
633 2082 985 2159 661,6611161161166166
1007 2103 1059 2145 ar·

90 2165 250 2247 gumenti,
276 2174 403 2229 161666
425 2168 575 2232 tractatio
596 2166 679 2230 mihi
700 2189 765 2231 non
784 2166 878 2232 modo
900 2167 1059 2249 perutilis,

88 2248 146 2313 sed
167 2250 266 2313 etiam
277 2254 519 2332 6616666666116
530 2253 628 2316 161666
649 2252 788 2318 videtur.
822 2253 936 2335 Neque
947 2252 1060 2318 dubito

89 2334 168 2416 quin
186 2356 207 2399 a
227 2337 445 2401 totaeoclcsia
460 2358 613 2420 magnam
636 2338 698 2401 hoo
720 2348 775 2402 tuo
797 2339 907 2403 laboro
918 2341 1057 2422 gratiam

89 2419 211 2485 inieris.
245 2419 312 2486 Sed
329 2432 361 2486 61
378 2423 499 2487 nostris
511 2423 706 2487 adversariis
725 2426 752 2489 si
770 2445 834 2488 non
854 2445 922 2487 rem
944 2425 1058 2506 ipsam,

89 2515 124 2569 at
151 2515 240 2571 66116
268 2508 468 2591 singularem
497 2519 586 2571 tuam
616 2507 809 2573 modestiam
836 2510 1058 2593 gratissimam

89 2591 158 2656 1616
199 2592 336 2657 confido.
385 2594 559 2676 Utcunque
592 2594 654 2670 sit,
685 2595 869 2678 quicunque
898 2594 940 2659 ad
971 2595 1058 2660 hanc

90 2696 221 2741 causam
251 2680 344 2762 aequi
369 2678 491 2744 iudices
524 2680 686 2757 accedent,
716 2681 857 2757 66111611,
888 2691 925 2744 61
952 2701 1057 2763 66616,

88 2763 389 2845 661166166166161.
431 2766 471 2828 D.
502 2764 698 2830 Bernordiot'
726 2766 846 2830 librum
858 2770 882 2841 ¹)
912 2764 1058 2830 nondum

89 2847 166 2912 vidi,
210 2848 262 2912 Ad
285 2870 338 2914 me
360 2870 439 2913 vero
462 2849 546 2932 quod
568 2853 694 2928 attinet,
717 2853 868 2933 quamvis
890 2873 966 2916 eum
988 2872 1058 2916 6666

88 2953 141 2998 616
163 2935 314 3011 66611661,
336 2954 441 3018 aquo
464 2936 547 2999 nihil
569 2937 633 3000 nisi
656 2948 813 3018 pertenue
835 2937 937 3018 possit
958 2937 1057 3018 profi-

89 3019 174 3095 cisci,
205 3030 325 3097 tamen,
355 3022 382 3085 si
406 3042 488 3102 opus
510 3023 581 3099 erit,
604 3022 786 3105 symbolum
810 3032 843 3085 61
864 3025 933 3104 1666
954 3021 1058 3085 libens

89 3106 255 3169 conferam
278 3115 310 3170 61
331 3108 496 3189 egregiam
519 3107 635 3171 saltem
657 3109 857 3172 voluntatem
881 3107 1059 3171 allaturum

90 3211 144 3254 me
165 3212 271 3272 spero.
310 3189 376 3256 Sed
398 3194 522 3256 utinam
546 3191 638 3257 Deus
660 3193 801 3257 meliora.
843 3193 988 3270 Utinam,
1007 3193 1057 3255 16-

89 3296 199 3358 quam,
212 3275 375 3341 Dominus
388 3279 478 3342 Deus
499 3289 610 3343 noster
632 3299 710 3343 suae
732 3279 886 3344 ecclesiae
904 3279 1056 3342 misertus

89 3382 150 3425 nos
171 3364 207 3425 in
225 3383 295 3427 6666
317 3365 501 3446 coniungat,
522 3363 727 3428 6161661666
739 3385 926 3429 6616166666
947 3365 1057 3428 hostes

88 3448 197 3528 potius
230 3469 422 3530 pugnemus,
456 3470 554 3530 quam
583 3461 698 3513 mutuo
721 3452 886 3531 66616666
908 3450 1057 3514 conficia-

88 3553 173 3597 mus
219 3534 272 3597 Ad
305 3555 377 3598 eam
415 3555 484 3598 rem
518 3546 625 3599 autem
659 3557 724 3598 non
757 3555 872 3618 661661
902 3534 1057 3598 momenti

87 3618 247 3696 attulerit,
277 3620 305 3682 61
336 3641 401 3683 nou
434 3622 556 3703 passim
589 3621 695 3702 quivis
727 3622 759 3684 in
794 3623 894 3684 aciem
913 3619 1056 3702 6161661,

87 3702 148 3769 661
177 3725 237 3769 666
266 3707 411 3768 66161661
434 3716 544 3770 666116
568 3708 742 3770 autoritate
773 3718 805 3770 et
827 3708 988 3788 aequitate
1021 3728 1058 3770 66

85 3789 250 3854 modestia
268 3791 434 3855 iuniorum
451 3792 591 3857 calorem
611 3804 644 3858 et
666 3806 792 3856 aestum
815 3793 1000 3874 temperetis
1022 3812 1059 3855 ac

83 3875 314 3940 moderemini.
357 3877 451 3941 Nosti
485 3878 572 3941 enim
606 3899 703 3960 quam
736 3877 842 3941 multa
875 3878 1000 3942 soleant
1023 3878 1058 3940 in

81 3960 153 4025 istc
185 3962 312 4109 1666616
334 3974 429 4027 61116
457 3984 597 4041 6666661,
620 3962 845 4045 imprudenter
867 3964 1058 4029 611666661-

82 4046 202 4112 derate
246 4048 297 4123 ici,
321 4070 458 4130 quorum
482 4050 535 4113 hio
563 4071 650 4113 unus
668 4050 793 4114 fructus
815 4057 873 4127 661,
895 4058 932 4113 61
953 4051 1058 4130 magis

80 4153 125 4197 66
152 4134 258 4215 magis
287 4133 459 4198 irritentur
485 4136 595 4211 animi,
624 4143 657 4198 61
684 4137 739 4217 661
767 4135 963 4199 infirmiores
981 4144 1057 4198 sunt

77 4238 225 4300 prorsus
259 4218 427 4284 dissiliant.
469 4220 595 4298 Phana,
629 4229 741 4301 aperta
769 4230 803 4283 61
824 4221 969 4284 66161616
990 4220 1057 4282 1616

78 4304 191 4370 oculis
212 4306 361 4386 exposita
394 4315 444 4369 est
467 4326 584 4370 causae
606 4318 735 4370 nostrae
757 4305 892 4370 bonitas.
937 4305 1056 4387 Super·

76 4399 138 4455 661
169 4399 208 4454 61
242 4388 386 4455 16616616
420 4403 452 4454 61
490 4391 668 4473 composita
696 4389 836 4474 quadam
853 4391 979 4456 ratione
1001 4411 1057 4455 eos

76 4496 128 4539 61
153 4474 277 4540 6661116
313 4475 460 4541 hostibus
488 4476 740 4554 lucrifaciamus,
762 4479 818 4558 qui
849 4476 1056 4558 praeiudiciis

75 4560 143 4626 vel
166 4580 278 4624 errore
299 4562 448 4627 fascinati
466 4561 800 4644 nondumpotuerunt
821 4563 926 4626 lucem
948 4560 1055 4642 adspi-

76 4662 172 4710 cere.
216 4645 349 4728 Reliqui
370 4647 422 4712 vel
444 4655 552 4712 tacere
571 4656 727 4732 cogentur
749 4647 802 4712 661
823 4667 894 4712 6666
905 4644 1056 4711 66161166

74 4730 228 4797 reddent
247 4730 381 4797 invisos.

175 4815 244 4880 Sed
266 4817 305 4881 de
324 4817 375 4881 1116
397 4818 563 4884 hactenus.
593 4816 645 4882 De
665 4817 894 4884 rebusnostris
916 4817 963 4882 nil
980 4817 1056 4883 6661

77 4896 192 4967 habeo
217 4901 304 4985 qnod
337 4903 487 4982 scribam,
519 4904 583 4969 nisi
611 4904 672 4968 hoo
693 4925 805 4969 unum.
852 4902 1057 4970 Genevensis

81 4988 221 5069 qnidam
252 4987 382 5056 illorum
419 4990 570 5055 exsulum
608 5011 674 5054 non
700 4990 882 5068 1611166611
918 4989 1057 5054 Viretmn

87 5171 180 5230 ²418.
193 5176 219 5242 1)
237 5183 333 5232 661616
356 5175 547 5246 Westpholam.

192 5244 222 5310 2)
243 5244 343 5301 Petras
366 5246 469 5301 7611161
488 5244 809 5302 1136123712393.

1088 530 1093 585 Ι
1116 535 1265 592 66611661
1294 536 1404 611 666116
1433 527 1639 593 insimularet
1663 529 1797 594 maximi
1826 529 1964 609 sceleris,
1986 530 2078 612 66661

1116 612 1237 677 scilicet
1265 613 1435 677 ministerii
1466 623 1637 697 praetextu
1665 616 1699 679 in
1729 634 1857 681 carcere
1890 614 2079 681 Genevensi

1116 718 1219 761 66616
1230 701 1258 772 ⁸)
1283 721 1324 762 61
1347 700 1474 764 16166116
1502 698 1579 778 illis,
1607 701 1661 783 661
1680 700 1836 784 666611616
1863 710 1938 765 6661
1960 701 2077 780 affecti,

1115 780 1156 846 ad
1195 783 1308 848 falsam
1344 786 1549 866 quorundam
1587 788 1827 852 accusationem
1864 786 2076 852 sollicitasset.

1115 868 1149 932 Is
1178 869 1212 932 16
1235 872 1285 934 ius
1313 879 1454 948 vocatus,
1483 893 1581 953 quum
1606 872 1732 936 frustra
1754 892 1823 937 sese
1844 872 1879 935 in
1901 873 2078 937 61666616-

1114 955 1179 1018 6166
1208 957 1367 1033 661116661,
1396 965 1433 1019 61
1466 955 1585 1021 1611616
1614 956 1806 1034 elaberetur,
1833 956 1964 1021 tandem
1993 959 2078 1022 iusto

1114 1038 1232 1104 iudicio
1254 1040 1425 1106 damnatus
1447 1041 1574 1124 culpam
1597 1043 1702 1108 166666
1724 1051 1781 1118 661,
1805 1051 1966 1107 etcoram
1987 1043 2078 1125 6116·

1114 1124 1239 1208 cipibus
1272 1125 1472 1208 deprecatus.
1524 1128 1577 1192 Ita
1608 1129 1748 1192 asserint
1776 1127 1934 1192 Dominus
1963 1129 2078 1210 optimi

1115 1211 1177 1274 viri
1209 1212 1437 1288 innocentiam,
1471 1220 1505 1277 et
1535 1214 1673 1277 istorum
1701 1214 1942 1295 improbitatem
1969 1213 2078 1296 palam

1113 1296 1219 1377 666611
1237 1296 1396 1380 detegere.
1438 1298 1487 1362 Ea
1508 1320 1560 1363 res
1586 1299 1682 1364 166161
1703 1299 1848 1363 fortassis
1869 1307 1907 1362 61
1929 1298 2078 1363 nonnulli

1114 1380 1246 1446 tandem
1277 1383 1477 1465 intelligant,
1511 1384 1622 1466 quales
1655 1385 1704 1448 illi
1730 1384 1811 1461 sint,
1834 1403 1915 1465 quos
1938 1384 2082 1472 tuendos

1114 1480 1334 1550 susceperant,
1362 1481 1396 1532 61
1423 1470 1534 1551 quales
1558 1470 1636 1534 item
1664 1470 1750 1534 illia
1771 1468 1887 1552 quibus
1905 1477 2074 1552 tantopere

1114 1552 1300 1617 abhorrent
1330 1552 1553 1620 Illustrissirno
1572 1563 1679 1620 666116
1700 1555 1986 1620 666616161661116
2007 1576 2076 1618 om-

1113 1638 1208 1702 nibus
1236 1638 1395 1721 rependat
1425 1640 1588 1704 Dominus
1615 1641 1741 1706 labores
1768 1661 1848 1722 6666
1876 1640 1910 1704 16
1932 1649 1999 1703 tam
2021 1641 2077 1721 616

1113 1744 1208 1788 66666
1221 1724 1415 1806 suscepistis,
1435 1736 1467 1788 et
1485 1747 1579 1808 porro
1600 1727 1707 1803 etiam,
1732 1735 1767 1790 ut
1784 1726 2076 1808 66616166666661-

1111 1808 1215 1888 pietis.
1256 1810 1391 1875 Utinam
1413 1810 1498 1874 idem
1522 1811 1577 1875 illc
1599 1810 1760 1876 Dominus
1784 1811 1876 1876 Deus
1898 1821 2017 1887 noster,
2040 1813 2075 1876 in

1111 1894 1203 1958 ouius
1228 1895 1378 1959 manibus
1406 1907 1483 1960 6661
1514 1896 1697 1978 6116616616
1715 1897 1821 1973 66116,
1846 1898 1961 1961 6661116
1982 1917 2076 1961 sanc-

1111 1980 1244 2045 tissimis
1274 1982 1441 2046 couatibus
1482 1980 1660 2058 benedicat,
1697 1995 1729 2046 et
1758 1995 1906 2046 nostrum
1934 1983 2077 2046 omnium

1111 2066 1235 2130 animos
1257 2067 1290 2129 in
1313 2067 1578 2150 soseconiungat.
1602 2105 1643 2113 -
1666 2105 1701 2114 -
1728 2106 1763 2114 -
1783 2105 1825 2114 -
1847 2104 1884 2114 --
1910 2105 1949 2115 —-
1974 2105 2010 2115 ν
2034 2103 2077 2113 -

1195 2237 1391 2302 Lausannae
1414 2237 1470 2320 xiij
1495 2238 1629 2303 (laland.
1653 2191 1785 2323 Aprilis

1417 2188 2074 2200 num-..—--=---—-———

1582 2375 1643 2438 uh.
1666 2376 1762 2452 Bosa,
1786 2376 1883 2458 plane
1905 2383 1989 2440 tuus.

1487 2683 1698 2697 n—-—

1550 2951 1644 3021 2414.

1340 3104 1566 3172 MADERUS
1590 3105 1839 3173 STUMPHIO.

1194 3276 1370 3342 Boltlrccor
1382 3275 1496 3342 Moder
1507 3277 1751 3355 Froweufelctioe
1763 3278 1935 3343 lithotomas
1956 3276 2073 3342 1666111

1111 3362 1274 3444 Stumplsio
1302 3363 1444 3428 ecclesiae
1473 3363 1733 3446 Stomlteymeasis
1754 3364 1887 3428 uatistiti
1911 3363 2072 3442 epistolam

1111 3448 1235 3515 Coloiai
1267 3448 1309 3512 od
1336 3449 1554 3532 Balliapetum
1582 3449 1619 3513 dc
1647 3451 1805 3532 tropoedt‘c
1830 3449 2000 3514 Geaeoeoai
2021 3449 2072 3513 die

1109 3556 1158 3599 ooo.
1182 3534 1275 3598 Ionii
1295 3539 1385 3600 1555
1406 3536 1558 3615 seraptem
1577 3535 1717 3619 16111111)

1110 3705 1306 3771 (Describimus
1333 3722 1365 3757 61
1389 3703 1626 3758 sinuaverat
1641 3706 1699 3826 xJui
1725 3706 1783 3774 ipsc
1809 3704 1924 3772 sumpsit
1947 3721 1980 3757 61
2004 3704 2074 3774 Epp.

1227 3774 1361 3843 Stumpbii
1377 3773 1516 3842 1616166616
1534 3772 1608 3826 Libr.
1627 3774 1640 3826 I
1671 3811 1677 3823 .
1696 3772 1805 3842 1647,
1824 3790 1884 3842 pag.
1902 3770 1956 3837 84.)

1194 3945 1291 4010 1111116
1318 3942 1386 4021 tibi,
1412 3943 1550 4008 facunde
1572 3944 1717 4021 Ioannes,
1730 3945 1757 4024 ²)
1781 3944 1939 4027 tragicam
1961 3942 2071 4008 Gene-

1109 4031 1258 4097 vensium
1299 4030 1468 4093 historiam
1506 4029 1593 4094 lectu
1626 4029 1767 4112 dignam,
1802 4027 2072 4111 quemadmodum

1109 4116 1251 4199 promisi.
1281 4114 1440 4197 Optarem
1457 4121 1545 4178 certe
1567 4113 1654 4178 illam
1677 4115 1764 4196 typis
1786 4134 1937 4179 excusam
1959 4112 2069 4192 fuisse,

1108 4223 1170 4285 quo
1199 4200 1347 4266 exsulum
1380 4199 1562 4277 Gallorum,
1595 4201 1767 4282 praecipue
1796 4207 1904 4262 autem
1936 4196 2070 4277 0616161,

1108 4287 1250 4352 hominis
1272 4307 1348 4352 scre
1371 4285 1456 4351 docti
1478 4294 1510 4348 et
1531 4285 1586 4367 pii,
1605 4285 1789 4349 innocentia
1806 4283 1955 4348 omnibus
1976 4284 2070 4347 inno-

1107 4380 1254 4450 tesceret,
1283 4381 1317 4436 et
1345 4380 1424 4436 nota
1452 4390 1549 4452 quam
1577 4369 1643 4435 illis
1664 4368 1910 4433 immerentibus
1932 4369 2070 4451 improbi

1109 4457 1240 4540 quidam
1277 4458 1465 4521 1666661661
1503 4456 1729 4520 616116616161.
1782 4453 1883 4518 Dolet
1913 4454 1994 4518 mihi
2027 4476 2067 4518 61

1108 4544 1217 4607 661166
1244 4542 1271 4607 61
1301 4541 1474 4623 proborum
1503 4542 1588 4605 fama
1616 4537 1761 4615 laeditur,
1780 4559 1914 4621 eamque
1936 4540 1977 4605 ob
1997 4559 2070 4603 cau·

1108 4761 1242 4898 641611
1259 4760 1598 4885 miffar.
1621 4834 1709 4884 ramea
1732 4843 1802 4899 qaae
1824 4828 2014 4882 anastasiam
2031 4828 2069 4881 ao

1109 4899 1147 4955 N.
1164 4897 1239 4952 2243.
1276 4899 1427 4953 Boltbocor
1452 4899 1498 4952 ote
1523 4900 1601 4953 nobis
1619 4896 1730 4951 otiando
1756 4913 1811 4951 1166
1833 4899 1963 4964 cogamo.
2000 4895 2070 4951 Dat

1108 4970 1209 5051 6116616
1243 4966 1402 5048 1166611166
1429 4967 1563 5021 Moderata
1597 4965 1839 5049 Doamfctdensis
1872 4965 1942 5044 prof.
1977 4965 2069 5019 11161116.

1115 5033 1925 5174 hemgaaozawgmocntbssagargsnsasssagmass
1942 5103 1974 5181 16
1995 5115 2069 5181 poco

1109 5171 1434 5298 gamem&
1451 5181 1533 5228 61661
1549 5174 1679 5227 historiae
1695 5174 1805 5229 66666111·
1814 5170 2028 5225 Constantem
2045 5173 2071 5223 et
