4688 5910
276 307 339 372 cll
1123 294 1355 365 llplsholm
1376 299 1458 361 2705
1625 285 1629 289 ’
1769 292 1771 295 ’
2216 295 2278 358 612

277 492 412 567 nomen,
435 487 531 552 simul
562 485 716 551 ridentur
748 486 851 569 ipsius
880 485 1083 551 substantiae
1108 506 1254 552 commu·
1304 482 1380 549 inde
1408 483 1510 547 vitam
1539 482 1692 548 hauriant
1720 484 1970 566 sempiternam,
2003 503 2063 565 per
2091 503 2166 547 eum
2190 482 2278 548 ride-

281 575 476 641 nioationem
517 571 681 649 stabilire,
725 571 870 637 stabilire
908 571 1072 653 spirituali
1114 570 1254 654 quodam
1304 569 1381 634 licet
1413 570 1512 633 etin
1546 589 1584 633 eo
1621 568 1788 634 iustificati
1824 588 1861 634 ac
1901 568 2104 635 sanctificati.
2149 567 2278 634 Deinde

281 659 396 737 modo,
419 658 475 722 sed
499 668 611 722 tamen
632 675 711 720 vero
734 677 772 720 ao
792 667 879 731 certo
909 656 1044 735 iactam,
1071 676 1130 739 per
1156 655 1254 720 fidem
1309 654 1473 730 Osiander,
1496 653 1722 719 substantialis
1733 674 1812 719 suae
1829 654 1975 719 iustitiae
1987 653 2132 732 nomine,
2156 654 2277 718 divini-

282 765 368 829 quae
391 743 425 808 in
447 743 681 825 promissiones
702 740 815 806 fertur.
861 742 1121 807 Promissionum
1145 751 1253 807 autem
1305 747 1408 804 tatem
1420 739 1546 805 Christi
1566 739 1731 823 intelligit,
1753 740 1801 803 ita
1812 740 1943 822 quidem
1964 740 2075 820 inepte
2098 739 2277 804 utinterim

282 829 387 895 veluti
418 830 559 893 materia
586 839 636 892 est
665 826 818 892 Christus
846 827 936 909 ipse,
964 847 1029 910 quo
1068 828 1168 909 potiri
1193 848 1255 892 nos
1305 824 1543 890 humanitatem
1565 845 1632 889 non
1653 845 1706 894 res
1728 825 1815 905 iciat,
1833 825 1926 891 cuius
1948 825 2185 902 satisfactione,
2213 826 2276 890 ius-

280 924 426 996 oportet:
447 913 523 978 finis
546 933 625 977 vero
647 922 705 986 est,
729 921 766 976 ut
787 913 823 975 in
846 933 883 977 ec
905 911 966 978 filii
979 911 1044 977 Dei
1065 913 1254 989 efficiamur,
1306 912 1394 988 titia,
1426 912 1613 990 sanctitate,
1645 911 1706 975 obe
1731 911 1830 976 'entia
1859 931 1986 988 sumus,
2020 918 2056 975 ut
2082 909 2191 993 inquit
2213 910 2276 991 ille,

282 1019 320 1065 ac
350 995 486 1081 proinde
512 999 615 1081 ipsius
645 996 769 1062 Christi
797 998 1001 1063 cohaeredes.
1060 999 1114 1063 Ex
1142 1019 1258 1063 recen·¹
1306 1003 1547 1079 κεχαριτωμένοι,
1580 995 1679 1079 idque
1710 1017 1770 1079 per
1791 997 2051 1080 imputationem,
2074 1017 2176 1078 quum
2199 996 2277 1060 alic·

281 1086 419 1150 tioribus
443 1104 538 1166 porro
555 1082 685 1148 nullum
703 1083 810 1148 adhuc
824 1084 958 1147 memini
979 1083 1098 1166 legere,
1121 1105 1162 1149 ex
1180 1104 1254 1148 nos·
1307 1084 1362 1164 qui
1384 1082 1456 1146 fieri
1474 1103 1541 1148 non
1563 1081 1665 1164 possit
1693 1090 1731 1145 ut
1759 1080 1792 1146 id
1812 1082 1898 1164 quod
1925 1080 2013 1147 illius
2034 1081 2207 1164 proprium
2229 1090 2276 1147 est

283 1170 345 1234 tris
365 1167 507 1253 quidem,
530 1171 586 1252 qui
607 1168 702 1231 aliter
723 1168 805 1232 mihi
828 1169 920 1233 viem
943 1168 986 1233 sit
1008 1170 1138 1234 sentire.
1169 1169 1255 1232 Nam
1305 1177 1454 1232 nostrum
1484 1176 1663 1233 censeatur.
1713 1167 1785 1232 Imo
1825 1188 1901 1233 vero
1944 1166 2031 1232 nosti
2074 1166 2276 1232 adversarios

283 1275 366 1339 quae
401 1252 558 1319 adversm
599 1253 800 1335 corporalem
841 1255 1057 1335 praesentiam
1093 1252 1178 1318 dicta
1218 1273 1255 1319 ac
1306 1253 1399 1318 nobis
1434 1253 1616 1337 impingere
1651 1273 1710 1317 nos
1746 1274 1821 1318 oum
1846 1252 2092 1334 Schweafeldio'
2120 1251 2275 1335 tacerel)

284 1342 404 1422 scripta
426 1347 513 1415 sunt,
532 1360 661 1422 semper
682 1339 724 1403 ad
746 1337 875 1403 modum
905 1340 1015 1423 ipsum
1037 1341 1255 1405 communica·
1305 1359 1407 1420 quum
1429 1339 1582 1421 spiritum
1604 1359 1773 1423 urgemus,
1803 1339 1881 1421 quia
1908 1337 2031 1404 scilicet
2059 1359 2126 1403 non
2154 1338 2274 1403 intelli·

283 1426 392 1502 tionis,
422 1446 488 1489 non
518 1433 626 1489 autem
650 1424 690 1488 ad
713 1425 893 1502 materiam,
916 1433 954 1489 ut
977 1426 1025 1489 ita
1046 1425 1169 1508 loquar,
1194 1446 1255 1507 pu·
1306 1432 1390 1508 gunt
1422 1424 1474 1489 vel
1505 1423 1688 1507 intelligere
1721 1445 1755 1488 se
1784 1422 2007 1501 dissimulant,
2042 1445 2061 1488 a
2093 1424 2190 1489 nobis
2218 1424 2275 1489 hoc

282 1518 389 1577 taram
418 1508 654 1576 accommodari
681 1517 837 1591 oportere.
893 1510 934 1574 ln
964 1510 1025 1577 hac
1054 1519 1165 1576 autem
1187 1511 1255 1593 cpi⁶
1305 1510 1438 1573 nomine
1459 1530 1525 1574 nou
1542 1509 1653 1575 vocari
1673 1530 1743 1573 rem
1763 1510 1968 1586 sacramenti,
1990 1509 2024 1573 id
2048 1517 2098 1573 est
2109 1507 2274 1574 Christum

283 1597 382 1661 nione
405 1607 462 1661 tua
484 1597 582 1660 etiam
604 1595 726 1677 scripta
748 1616 799 1659 me
828 1595 1025 1661 ridebantur
1053 1597 1253 1672 confirmare,
1306 1594 1413 1677 ipsum
1436 1616 1511 1660 cum
1533 1596 1601 1660 suis
1623 1593 1725 1673 donis,
1752 1594 1808 1660 sed
1831 1595 1983 1678 spiritum
2003 1605 2162 1671 sanctum,
2186 1596 2274 1661 cuius

285 1683 363 1765 quia
384 1680 535 1746 videbam
566 1681 678 1746 multis
699 1682 733 1745 in
761 1681 850 1758 locis,
879 1682 1031 1762 quamvis
1060 1681 1254 1747 asubstan·
1307 1688 1376 1745 tum
1398 1681 1520 1745 virtute
1542 1681 1622 1746 fides
1644 1681 1680 1744 in
1700 1681 1793 1746 nobis
1815 1691 1953 1761 creatur,
1975 1700 2072 1763 quam
2093 1680 2222 1745 adrem
2244 1688 2274 1745 et

286 1768 351 1832 tiae
378 1768 510 1831 nomine
540 1766 720 1843 abstineas,
751 1775 860 1830 tamen
888 1767 998 1849 ipsum
1025 1766 1197 1833 Christum
1223 1775 1256 1830 et
1305 1767 1404 1831 verbo
1427 1777 1460 1830 et
1477 1764 1633 1849 symbolis
1651 1777 1688 1830 ut
1704 1766 1934 1831 instrumentis
1953 1768 2064 1843 utitur,
2087 1773 2161 1831 tum
2179 1766 2272 1831 etiam

287 1852 372 1917 dona
392 1854 495 1936 ipsius
517 1851 685 1935 sigillatim
712 1871 732 1914 a
764 1859 797 1916 te
827 1854 1082 1932 commemorari,
1112 1860 1146 1916 et
1176 1872 1255 1917 sane
1307 1852 1399 1916 cuius
1417 1850 1548 1916 vinculo
1566 1871 1640 1916 oum
1659 1852 1763 1933 capite
1782 1862 1894 1915 nostro
1912 1851 2149 1935 coniungimur.
2181 1850 2273 1932 Quod

170 2014 173 2023 ἱ
286 1936 367 2002 mihi
390 1959 493 2020 paene
528 1937 705 2002 absurdum
729 1936 868 2014 videtur,
897 1938 968 2020 ipsc
996 1946 1034 2002 ut
1067 1939 1116 2002 ita
1149 1938 1254 2003 dicam
1305 1947 1420 2019 postea
1441 1935 1653 2014 excludimus,
1676 1937 1878 2002 substantiae
1900 1937 2176 2013 commixtionem,
2204 1958 2272 2002 cum

285 2022 388 2087 fundo
410 2024 647 2104 praetermisso,
671 2022 777 2087 dicere
799 2043 859 2087 uos
881 2022 1049 2089 fructuum
1079 2025 1151 2088 fieri
1180 2045 1255 2105 par·
1306 2022 1525 2103 superioribus
1538 2043 1603 2085 nou
1617 2016 1755 2104 pugnat,
1782 2024 1839 2088 Sic
1854 2024 1941 2087 enim
1955 2021 2093 2087 dicimus
2106 2021 2272 2087 Christum

180 2177 183 2180 ,
285 2108 400 2190 ticipes
431 2109 484 2190 qui
518 2129 559 2172 ex
590 2107 690 2172 fundo
721 2109 923 2190 proveniant.
980 2109 1109 2174 Deinde
1138 2109 1190 2175 vel
1212 2109 1254 2172 D.
1305 2108 1411 2189 ipsum
1434 2108 1527 2172 nohis
1544 2108 1778 2173 communicari
1795 2119 1833 2173 ut
1851 2109 1920 2191 ipse
1938 2109 2153 2173 nihilominus
2172 2105 2272 2189 quoad

285 2193 443 2276 Martyris
465 2194 586 2275 scripta
605 2214 684 2258 sane
707 2215 771 2257 non
795 2193 952 2277 intelligo,
976 2194 1030 2258 vel
1058 2195 1087 2259 is
1109 2196 1255 2278 profecto
1304 2193 1558 2272 humanitatom,
1588 2195 1671 2258 sieut
1694 2193 1771 2258 dicit
1792 2194 1927 2273 Petrus,
1956 2194 1990 2258 in
2013 2193 2112 2258 coelis
2135 2202 2271 2258 maneat

284 2280 320 2343 in
341 2301 377 2343 re
407 2280 599 2344 sacramenti
625 2277 819 2361 explicanda
841 2279 1020 2343 Dominum
1048 2281 1157 2363 ipsum
1180 2302 1254 2345 cum
1305 2278 1376 2342 Imo
1399 2280 1497 2343 etiam
1520 2279 1603 2343 siin
1628 2279 1724 2343 terris
1746 2292 1840 2352 esset,
1864 2289 1921 2344 aut
1942 2301 2001 2343 nos
2024 2281 2058 2342 in
2081 2279 2189 2351 coelis,
2212 2299 2271 2343 non

283 2365 352 2429 suis
375 2364 467 2429 donis
489 2366 667 2446 coniungit,
693 2374 729 2427 ut
751 2362 870 2428 diserte
893 2364 1004 2429 scribit
1032 2367 1068 2429 in
1090 2387 1254 2431 commen·
1304 2364 1560 2447 imaginarcmur
1584 2385 1731 2429 crassum
1760 2364 1862 2428 ullum
1890 2365 2193 2430 communicationis
2220 2370 2272 2428 aut

284 2450 368 2514 tario
390 2451 507 2531 prioris
529 2448 569 2512 ad
589 2449 780 2513 Corinthios
796 2449 870 2513 istic
887 2471 1015 2527 excuso,
1038 2472 1110 2534 pag.
1135 2456 1191 2514 301
1218 2452 1253 2514 in
1304 2450 1543 2514 coniunctionis
1576 2449 1728 2525 modum,
1770 2451 1854 2515 sicut
1886 2462 1984 2532 caput
2016 2459 2169 2514 nostrum
2201 2470 2270 2515 cum

283 2542 441 2600 extremo.
1304 2535 1459 2599 membris
1486 2536 1682 2600 naturaliter
1715 2535 1882 2611 cohaeret,
1917 2544 1975 2598 aut
2011 2536 2098 2600 sicut
2135 2534 2270 2618 liquidae

370 2618 437 2684 Sed
460 2640 561 2701 quum
587 2619 680 2682 illum
704 2629 908 2701 praesentem
939 2619 1012 2684 istic
1041 2619 1171 2697 habeas,
1199 2641 1252 2685 ae-
1304 2619 1505 2684 substantiae
1522 2623 1780 2686 commiscentur.
1823 2621 1895 2685 Has
1913 2642 2024 2686 omnes
2055 2632 2089 2685 et
2113 2641 2270 2703 quaecun-

284 2706 475 2787 quissimum
498 2712 607 2770 estut
638 2703 695 2767 ille
727 2700 796 2785 ip'se
828 2725 961 2768 suorum
983 2706 1176 2788 scriptorum
1211 2706 1254 2770 sit
1303 2726 1365 2787 que
1388 2705 1470 2770 aliae
1491 2707 1557 2782 sint
1579 2705 1894 2790 comprehensibiles,
1918 2717 1991 2779 aut,
2021 2718 2057 2787 ut
2079 2709 2128 2770 ita
2155 2707 2270 2789 loquar,

283 2791 454 2872 interpres,
478 2790 571 2854 cuius
594 2790 803 2853 autoritatem
826 2791 908 2853 tanti
936 2811 1015 2855 sane
1036 2792 1129 2872 facio,
1157 2793 1252 2857 sicuti
1303 2790 1448 2855 humano
1459 2792 1592 2876 ingenio
1605 2792 1842 2876 descriptibiles
1853 2788 2126 2870 communicandi,
2140 2792 2270 2857 coniun-

284 2877 381 2939 etiam
409 2876 640 2957 aequissimum
670 2886 729 2952 cst,
757 2886 794 2939 ut
824 2876 895 2938 eius
923 2877 1118 2941 sententiam
1148 2878 1253 2942 liben·
1302 2874 1410 2959 gendi,
1434 2877 1567 2942 uniendi
1586 2879 1737 2950 rationes,
1754 2877 1854 2943 semel
1872 2877 2025 2955 tollimus,
2049 2878 2128 2960 quia
2144 2876 2269 2942 veritati

281 2961 408 3025 tissime
430 2960 491 3024 sim
514 2961 735 3044 amplexuros,
758 2960 810 3024 vel
832 2981 905 3025 eam
922 2981 1025 3026 unam
1047 2964 1087 3027 ob
1109 2983 1252 3042 causam,
1303 2963 1446 3045 corporis
1468 2962 1594 3028 Christi
1616 2985 1653 3027 ac
1676 2963 1813 3045 proinde
1835 2963 2036 3027 orthodoxae
2059 2960 2136 3028 fidei
2158 2984 2268 3047 repug-

282 3045 367 3129 quod
389 3047 524 3111 minime
545 3045 691 3110 dubitem
713 3046 800 3128 quin,
824 3047 851 3110 si
879 3067 1042 3130 quoquam
1073 3049 1145 3127 alio,
1177 3070 1252 3114 cum
1303 3057 1395 3115 nant.
1449 3046 1517 3112 Sed
1557 3056 1667 3113 tamen
1712 3050 2037 3114 communicationem
2083 3051 2267 3127 retinemus,

283 3151 322 3196 eo
344 3133 488 3198 maxime
510 3133 702 3197 consentias.
758 3131 851 3206 Idem
880 3153 1008 3215 quoque
1037 3133 1077 3198 de
1106 3135 1148 3198 D.
1181 3133 1252 3199 Cal-
1304 3131 1587 3216 exquaridelicet
1606 3134 1717 3199 omnia
1738 3134 1796 3198 illa
1816 3134 2006 3200 hauriamus
2028 3155 2112 3216 quae
2135 3136 2190 3216 qui
2210 3154 2268 3198 non

281 3218 355 3282 ciac
382 3227 415 3281 et
443 3217 483 3281 de
505 3218 546 3281 D.
571 3218 617 3282 Io.
640 3237 662 3281 o
683 3217 784 3282 Lusco
813 3216 968 3281 iudicium
997 3239 1107 3284 meum
1145 3219 1252 3285 adhuc
1302 3220 1427 3296 afferat,
1446 3220 1684 3284 frustravitam
1703 3230 1869 3285 aeternam
1887 3228 2005 3302 speret,
2024 3240 2144 3301 nempe
2163 3241 2267 3303 pecce-

281 3303 354 3378 fuit,
398 3302 515 3385 quibus
558 3301 599 3367 de
641 3303 748 3368 causis
781 3322 854 3366 sum
898 3301 1057 3370 adductus
1088 3314 1125 3369 ut
1164 3313 1253 3370 certa
1302 3315 1411 3370 torum
1443 3305 1684 3383 remissionem,
1725 3305 1950 3388 impletionem
1982 3306 2088 3370 omnis
2123 3306 2267 3382 iustitiae,

283 3389 487 3470 potissimum
530 3409 572 3452 ex
614 3388 668 3453 his
711 3389 896 3453 testimonia
930 3386 1166 3473 descripserim,
1210 3412 1252 3455 ex
1303 3389 1441 3474 denique
1474 3391 1650 3474 imaginem
1685 3390 1749 3456 Dei
1781 3391 1886 3456 multo
1908 3390 2036 3473 plenius
2064 3393 2100 3455 in
2131 3390 2268 3467 Christo,

281 3474 398 3556 quibus
431 3472 596 3556 intelligas
628 3472 745 3556 quibus
778 3473 818 3538 de
850 3474 957 3539 causis
996 3477 1059 3540 sim
1093 3474 1252 3541 adductus
1302 3477 1354 3541 cui
1382 3498 1442 3559 per
1473 3476 1572 3541 fidem
1601 3477 1685 3540 uniti
1718 3497 1847 3554 sumus,
1881 3478 2100 3541 instauratam
2135 3477 2175 3541 ab
2206 3477 2270 3559 ipso

281 3565 318 3622 ut
351 3559 435 3622 hano
476 3559 672 3623 sententiam
710 3559 845 3624 minime
885 3557 1062 3625 dubitarim
1095 3570 1252 3645 tanquam
1302 3563 1521 3646 conceptionis
1543 3569 1723 3638 momento,
1753 3583 1852 3643 quam
1880 3563 1914 3627 in
1936 3563 2044 3644 priore
2065 3561 2123 3627 illo
2146 3561 2266 3627 Adamo

281 3644 488 3708 ecclesiarum
515 3652 700 3709 nostrarum
731 3644 916 3710 doctoribus
950 3665 1155 3713 communem
1182 3667 1252 3712 esse
1301 3649 1401 3712 fuerit
1424 3655 1542 3714 creata.
1582 3648 1663 3711 Fuit
1679 3648 1767 3712 enim
1784 3646 1839 3713 hic
1857 3646 2018 3712 duntaxat
2035 3647 2077 3713 ad
2094 3649 2265 3732 imaginem

281 3730 354 3794 reri.
391 3729 585 3794 Hacautem
607 3731 641 3793 in
664 3750 699 3793 re
721 3732 749 3794 si
771 3729 911 3812 quidest
928 3729 1012 3814 quod
1034 3753 1101 3797 non
1114 3732 1252 3797 viderim
1301 3733 1367 3799 Dei
1389 3733 1547 3811 conditus,
1577 3732 1632 3798 ille
1655 3754 1732 3798 vero
1755 3734 1890 3799 verbum
1912 3744 2084 3806 aeternum
2107 3735 2218 3816 patris,
2239 3739 2266 3795 et

281 3815 439 3898 (plurima
461 3821 570 3879 autem
599 3835 670 3880 esse
698 3816 764 3881 scio
797 3836 835 3882 ac
866 3816 964 3882 nimis
996 3837 1076 3883 vere
1108 3815 1253 3901 quotidie
1303 3817 1395 3884 Deus
1416 3819 1453 3883 in
1474 3838 1573 3884 carne
1590 3819 1783 3902 conspicuus
1814 3819 1929 3884 factus.
1973 3820 2125 3901 Denique
2157 3838 2265 3901 corpus

282 3900 433 3982 experior
455 3920 538 3983 quae
559 3921 612 3966 me
629 3900 770 3985 fugiant)
788 3920 856 3965 non
877 3900 972 3967 modo
996 3901 1077 3967 mihi
1102 3904 1252 3987 gratissi·
1303 3913 1337 3970 et
1358 3905 1550 3988 sanguinem
1573 3904 1698 3970 Christi
1721 3925 1880 3989 negamus
1907 3905 2133 3987 corporaliter,
2162 3904 2196 3968 id
2223 3910 2265 3968 cst

280 4006 372 4051 mum
395 3986 519 4064 feceris,
550 3987 595 4049 mi
616 3995 719 4068 pater,
743 3988 770 4051 si
792 4007 845 4050 me
863 3986 1021 4066 docueris,
1044 3987 1132 4072 quod
1154 3989 1252 4055 etiam
1303 3990 1464 4073 corporali
1485 3997 1543 4053 aut
1557 3989 1627 4054 ulla
1643 3991 1769 4055 ratione
1786 3990 1940 4055 humanis
1960 3991 2111 4056 sensibus
2127 4009 2265 4071 compre

281 4080 380 4155 atque
402 4071 500 4137 etiam
524 4092 565 4136 ex
588 4072 697 4138 animo
719 4091 739 4135 a
760 4080 792 4137 te
813 4079 898 4155 peto,
927 4071 984 4139 sed
1012 4074 1112 4139 etiam
1133 4073 1168 4138 id
1190 4096 1252 4160 pu·
1303 4074 1457 4142 hensibili
1475 4074 1597 4152 adesse,
1620 4096 1722 4158 quum
1739 4077 1782 4142 sit
1803 4077 1839 4140 in
1858 4075 1965 4153 coelis,
1988 4083 2020 4140 et
2037 4076 2135 4141 sicuti
2154 4075 2264 4140 diserte

279 4157 363 4224 blicc
385 4178 561 4242 agnoscere
584 4178 622 4223 ac
641 4159 754 4223 testari
776 4178 840 4224 non
863 4158 1027 4225 recusabo.
1071 4159 1141 4226 Cur
1163 4163 1252 4227 enim
1302 4163 1338 4226 in
1370 4163 1478 4247 priore
1510 4159 1709 4226 confessione
1741 4160 1903 4239 diximus,
1941 4162 2070 4226 finitum
2103 4181 2176 4226 esse
2207 4179 2264 4225 nou

155 4290 162 4299 -
281 4265 336 4309 me
357 4246 513 4327 prolicere
537 4251 571 4308 et
592 4264 757 4328 perquem
779 4244 971 4328 profecerim
994 4266 1171 4329 agnoscere
1192 4270 1252 4332 pu·
1303 4246 1453 4328 desierit,
1487 4268 1524 4312 ao
1555 4246 1692 4331 proinde
1721 4245 1846 4312 duobus
1874 4245 1973 4312 simul
2002 4246 2081 4312 locis
2110 4266 2183 4312 esse
2208 4266 2264 4310 non

282 4329 379 4395 dect?
421 4330 544 4395 nedum
576 4339 614 4394 ut
647 4351 844 4414 quemquam
878 4350 952 4395 mea
981 4331 1173 4399 credulitate
1194 4341 1254 4399 aut
1303 4334 1421 4419 possit,
1450 4332 1571 4398 nedum
1600 4340 1638 4397 ut
1665 4333 1709 4397 sit
1735 4333 1933 4398 immensum
1962 4340 2020 4397 aut
2041 4330 2264 4417 ἁπεριγρωιτον,

279 4417 466 4501 ignorantia
487 4436 616 4482 mecum
636 4416 706 4481 falli
734 4415 862 4481 sineru?
904 4415 957 4482 De
979 4416 1215 4501 Osiandrismo,
1228 4425 1252 4499 ¹)
1304 4419 1361 4486 sed
1389 4427 1500 4483 tamen
1528 4417 1701 4484 Christum
1737 4417 1844 4484 dicere
1913 4439 2043 4484 ssumus
2072 4418 2264 4484 substantia

280 4502 417 4566 minime
452 4521 528 4565 enm
566 4501 659 4567 nobis
692 4503 869 4568 obiecerint
914 4502 1108 4584 adversarii,
1151 4526 1253 4589 quum
1303 4505 1387 4584 liter,
1410 4503 1444 4568 id
1467 4512 1527 4582 est,
1549 4504 1597 4569 ita
1618 4512 1657 4568 ut
1677 4524 1712 4569 se
1733 4504 1840 4587 ipsum
1885 4512 1970 4583 onst,
1998 4504 2218 4587 corporaliter,
2236 4498 2264 4564 id

282 4588 346 4670 ipsi
378 4607 444 4651 uon
474 4586 569 4651 modo
599 4588 802 4653 substantiae
829 4590 1170 4671 communicationem,
1194 4591 1251 4657 sed
1304 4599 1362 4669 est,
1384 4592 1431 4655 ita
1452 4599 1490 4655 ut·
1512 4610 1590 4654 vere
1611 4588 1694 4654 illud
1726 4610 1823 4654 suum
1845 4610 1962 4673 corpus
1991 4597 2090 4672 atque
2119 4588 2201 4654 adeo
2235 4605 2265 4651 se

282 4674 381 4738 etiam
403 4673 615 4756 corporalem,
639 4674 811 4751 carnalem,
835 4674 1085 4741 substantialem
1106 4696 1252 4742 commu·
1305 4678 1413 4761 ipsum
1434 4676 1605 4742 nobiscum
1626 4675 1727 4753 uniat,
1748 4674 1881 4740 realiter
1898 4674 2046 4758 denique,
2066 4675 2102 4740 id
2120 4688 2180 4752 est,
2208 4692 2263 4737 uon

282 4758 457 4825 nicationis
490 4757 622 4824 modum
651 4770 804 4843 urgeant,
836 4780 934 4843 quem
964 4781 1026 4826 nos
1050 4762 1253 4845 spiritualem
1304 4764 1388 4842 ficto,
1410 4761 1469 4828 sed
1490 4782 1567 4827 vero
1594 4759 1690 4825 modo
1713 4759 1826 4826 adesse
1847 4769 1887 4826 ut
1925 4781 1960 4827 se
1987 4760 2159 4826 nobiscum
2188 4778 2264 4827 com·

280 4845 432 4921 iacimus,
463 4845 540 4927 quia
566 4845 702 4927 spiritus
723 4847 844 4911 virtute
865 4846 953 4911 uniri
980 4845 1118 4913 dicimus
1142 4847 1255 4912 fideles

282 4931 391 5012 quiin
413 4940 503 4994 terra
525 4938 602 4994 sunt
624 4952 700 4996 cum
721 4931 853 4996 Christo
874 4932 930 5013 qui
951 4932 987 4997 in
1009 4932 1107 4997 coelis
1128 4942 1187 5010 est,
1216 4941 1254 4997 ut

1353 5072 1358 5084 ι
1405 4978 1551 5070 am
1582 4998 1711 5083 aaran
1736 4998 1779 5082 ru,
1801 4996 1873 5080 asu
1896 5004 1996 5053 aare
2022 4999 2130 5082 sala

282 5132 374 5217 2705.
386 5133 415 5199 1)
440 5134 521 5216 l'o'dee
539 5149 606 5200 eam,
624 5133 688 5187 dam
705 5133 772 5186 tace
789 5135 924 5216 raderet,
941 5133 981 5187 ad
997 5150 1044 5190 ece
1060 5137 1253 5192 amotione
1302 5067 2131 5209 ὣῆφδὲλῖιαωῌώᾙπῧὲωῶῗὲμωῗ
2142 5066 2265 5206 agabum

282 5204 363 5255 umal
380 5217 514 5271 raperere
530 5217 600 5270 pour
616 5216 703 5270 aspra
720 5200 760 5257 N.
778 5200 847 5254 2629
864 5203 962 5271 tepet.
1303 5223 1374 5262 mum
1391 5206 1599 5273 condemnet.
2057 5238 2060 5251 ι
