4688 5910
264 342 331 405 679
1016 330 1279 400 ΕΡΙΒἝΟΙιΑΕ
1302 328 1514 392 tate-2748
2091 362 2094 370 =
2199 330 2260 393 680

266 525 358 590 mine
398 524 583 608 plurimam,
601 523 742 589 salutem
771 522 865 587 vobis
898 520 1037 587 adscribi
1067 541 1136 585 una
1167 538 1242 585 cnm
1292 515 1384 593 dam,
1418 513 1552 613 interim
1584 520 1706 598 negant
1733 534 1793 597 per
1822 521 1950 600 tropum
1980 516 2138 601 explicari
2165 515 2260 583 licere

268 612 436 676 fraternae
458 608 703 676 benevolentiae
721 608 922 673 testimonio
949 605 1047 687 Quod
1063 607 1158 673 robis
1175 625 1243 670 non
1293 599 1393 668 rerba
1418 599 1568 664 Dommr:
1599 599 1661 665 hoc
1682 606 1732 664 est
1753 618 1869 684 corpus
1889 622 2007 668 meum.
2052 600 2261 668 Oontendunt

268 695 438 780 respondit
469 716 535 761 non
564 695 685 760 factum
720 702 771 758 est
799 694 935 770 incuria,
963 692 1019 758 sed
1041 691 1118 776 qnia
1138 690 1243 756 maior
1291 685 1483 768 simpliciter
1501 682 1749 769 intelligendam
1765 684 1997 769 loquutionem.
2042 686 2187 770 Quodsi
2208 687 2259 753 ob·

138 784 141 792 “
267 801 345 864 pars
380 776 517 846 laneam
545 779 694 863 linguam
715 780 856 863 ignorat,
884 778 941 844 alii
963 798 1041 843 vero
1070 797 1138 842 non
1165 783 1244 866 sunt
1292 772 1451 837 tinuerint
1470 770 1623 835 vicerunt
1649 791 1726 836 sane
1758 772 1904 854 papistae
1930 773 1986 872 qui
2011 772 2125 838 dicunt
2145 795 2260 856 panem

267 866 309 933 ad
331 860 538 933 scribendum
561 866 740 932 exercitati.
1175 867 1178 875 '
1293 877 1364 924 esse
1385 876 1504 940 corpus
1530 854 1664 922 Christi.
1714 856 1840 923 Dicnnt
1869 857 2038 924 Ohnstum
2060 859 2183 925 habere
2204 860 2259 926 du·

474 1003 629 1068 Pastores
648 1012 679 1067 et
702 1001 845 1067 ministri
867 1000 1021 1066 acclesiae
1039 999 1243 1100 Geneyensis
1291 940 1720 1111 ffiffiqffigdfflnezsffl’
1736 944 2259 1110 ΞᾟῙΕΞΞἭἚᾘᾞᾙ

473 1090 529 1171 uui
558 1089 708 1163 ederant
739 1088 856 1186 fretae
885 1087 986 1185 veti
1011 1086 1241 1186 §labrem
1292 1113 1505 1198 spiritualem,
1530 1113 1585 1195 qui
1613 1113 1682 1178 sou
1710 1112 1774 1178 fiee
1800 1116 1948 1198 capiatur
1976 1125 2008 1181 a
2029 1115 2148 1199 nuque
2171 1137 2259 1199 prae

592 1183 626 1238 flt
648 1194 723 1237 V⁰f⁰
743 1173 832 1238 V⁰b¹⁸
854 1177 1124 1239 ⁰⁰¹¹¹¹¹¹¹⁰t¹⁸⁸¹m10
1293 1200 1499 1265 sentissimus
1519 1198 1571 1263 sit.
1616 1196 1723 1278 Quem
1748 1206 1782 1264 et
1803 1200 1958 1282 operandi
1981 1201 2116 1267 modum
2140 1212 2258 1268 vocant

677 1291 820 1356 Ioannes
843 1290 1011 1356 Calvinus.
1049 1304 1050 1309 ’
1294 1283 1389 1366 Quod
1411 1285 1440 1350 si
1459 1284 1650 1366 simpliciter
1672 1291 1705 1349 et
1722 1304 1799 1350 vere
1821 1294 1854 1351 et
1874 1286 1922 1351 ita
1944 1296 1982 1352 ut
2004 1286 2124 1353 dieitur
2144 1288 2259 1353 intelli·

678 1377 836 1443 Claudius
853 1375 1029 1442 Badvelus.
1316 1377 1385 1449 unt,
1416 1390 1482 1434 non
1512 1368 1607 1435 video
1635 1390 1692 1435 eur
1725 1370 1897 1436 debuerint
1924 1381 1991 1438 tam
2020 1374 2119 1439 anxie
2148 1395 2259 1458 urgere

678 1463 876 1528 Franciscus
897 1462 1095 1545 Burgoinus.
1292 1392 1453 1522 fiteralem
1483 1453 1601 1521 horum
1629 1453 1761 1521 Domini
1784 1457 1973 1523 vorborum:
1996 1459 2058 1525 hoc
2080 1468 2132 1524 est
2149 1480 2185 1525 co
2225 1480 2259 1524 us

678 1547 869 1612 Remondus
886 1547 1051 1613 calvatus,
1293 1562 1412 1617 meum,
1435 1541 1640 1606 sententiam.
1686 1539 1829 1607 sienim
1852 1544 2063 1627 corporaliter
2085 1566 2152 1610 non
2215 1555 2259 1611 est

678 1633 821 1699 Michael
843 1633 962 1716 Oopus.
1293 1626 1351 1693 sed
1372 1626 1597 1711 spiritualiter,
1630 1626 1845 1708 spiritualiter
1877 1629 1987 1712 itaque
2018 1630 2111 1695 adest
2136 1640 2169 1696 et
2191 1651 2259 1713 per·

677 1718 818 1785 Ioannes
836 1718 1011 1784 Macarius.
1293 1712 1415 1796 cipitur
1447 1733 1467 1776 a
1490 1710 1579 1776 fideli
1601 1713 1710 1776 anima
1732 1713 1773 1779 ad
1795 1713 1909 1779 vitam.
1954 1714 2028 1796 Quo
2050 1714 2148 1780 modo
2170 1737 2259 1782 nemo

677 1805 863 1870 Lodovicus
884 1805 1026 1869 linceus.
1294 1796 1413 1862 dixerit
1434 1796 1527 1862 nobis
1557 1795 1642 1861 tradi
1670 1797 1769 1863 inane
1793 1800 1931 1884 signum.
1975 1802 2173 1885 Loquentur
2189 1823 2260 1886 ergo

677 1890 829 1956 Nicolans
854 1888 1074 1955 Oolladonius.
1293 1884 1339 1950 sic
1363 1891 1395 1950 et
1417 1882 1546 1966 quidem
1569 1882 1698 1949 diserte.
1737 1882 1789 1949 Ita
1807 1906 1885 1950 sane
1907 1907 1965 1952 nos
1987 1888 2148 1952 sentimus
2170 1898 2203 1954 et
2219 1888 2259 1953 lo·

679 1974 834 2041 Claudius
856 1975 1035 2041 Fontanus.
1293 1969 1425 2052 quimur
1458 1968 1713 2034 abhorrentesa
1742 1970 1850 2036 medio
1878 1973 1984 2038 nescio
2008 1994 2072 2056 quo
2093 1973 2189 2039 modo
2211 1974 2260 2056 qui

677 2062 798 2126 Petrus
822 2059 862 2125 ab
885 2058 1083 2126 Arabodosa.
1097 2062 1139 2135 ¹⁰)
1294 2074 1355 2120 nec
1388 2054 1528 2120 carnalis
1560 2074 1621 2120 neo
1653 2055 1839 2137 spiritualis,
1871 2056 1928 2123 sed
1961 2058 2104 2124 mixtum
2126 2059 2203 2142 quid
2225 2060 2260 2124 sit

1294 2161 1336 2205 ex
1358 2160 1455 2205 carne
1477 2149 1510 2204 et
1531 2141 1657 2221 spiritu.
1692 2143 1889 2224 Augustana
1910 2144 2067 2210 confessio
2089 2145 2261 2228 approbata

1294 2234 1344 2290 eat
1366 2245 1385 2288 a
1410 2225 1555 2308 papistis‚
1579 2226 1676 2291 sicuti
1698 2233 1839 2292 testatur
1862 2228 2023 2314 Apologia
2045 2232 2259 2297 confessionis.

651 2356 851 2366 .-.,..
1294 2309 1384 2391 Quid
1417 2321 1525 2375 autem
1556 2309 1698 2393 probant
1730 2313 1900 2395 papistaa?
1935 2334 1977 2379 an
1999 2315 2144 2381 alienum
2168 2340 2186 2382 a
2208 2337 2260 2382 sua

1294 2395 1479 2462 sententia?
1523 2396 1597 2460 Non
1620 2404 1706 2479 puto.
1751 2398 1937 2464 Prudenter
1958 2401 2091 2483 quidem
2116 2403 2260 2468 dissimu-

1293 2481 1405 2546 larunt
1427 2503 1446 2546 a
1475 2481 1676 2546 Lutheranis
1703 2485 1817 2566 negari
1852 2484 2259 2567 transsubstantiationem

709 2568 796 2673 274¹ss
1294 2569 1374 2633 satia
1395 2568 1483 2634 enim
1504 2568 1584 2650 ipsis
1607 2567 1668 2631 fnit
1696 2568 1782 2651 quod
1805 2570 1926 2635 realem
1949 2574 2170 2654 praesentiam
2192 2595 2260 2640 eon·

798 2656 805 2669 ‘
1294 2653 1371 2718 lessi
1415 2661 1502 2717 sunt.
1559 2652 1747 2719 Noluerunt
1786 2653 1826 2719 de
1865 2657 2021 2722 vocabulo
2061 2658 2258 2736 contendere,

448 2757 779 2827 BULLINGERUS
798 2757 1069 2825 ῙᾹΕΜΑΝῙΝΟι
1295 2760 1395 2821 quum
1421 2747 1593 2804 cernerent
1621 2739 1700 2821 ipsis
1728 2740 1931 2806 Lutheranis
1958 2744 2058 2825 probe
2091 2746 2260 2811 convenire

1295 2846 1369 2889 cum
1392 2824 1528 2908 papistis
1550 2824 1584 2888 in
1608 2845 1659 2902 re;
1681 2826 1811 2908 utrique
1830 2828 1917 2891 enim
1935 2831 2136 2895 confitentur
2154 2850 2260 2914 eorpus

358 2931 585 3012 Confeseiom
622 2929 838 2995 Waldensium
867 2931 901 2994 p,
928 2930 1059 2996 articulo
1079 2930 1117 2994 de
1141 2927 1242 2996 000„st
1296 2908 1419 2975 Christi
1446 2910 1705 2976 substantialiter
1734 2909 1845 2977 adesse
1868 2920 1901 2978 et
1929 2914 2125 2981 manducari
2147 2937 2167 2980 a
2189 2917 2259 2981 fide

271 3020 452 3099 boucam
477 3017 646 3099 approbari
658 3035 751 3096 ΡΜ
773 3015 863 3081 dom·
1294 2994 1379 3061 libus
1402 3004 1435 3060 et
1458 2994 1655 3060 infidelibus.
1700 2996 1895 3078 Prudenter,
1924 2999 2068 3082 inquam,
2093 3002 2261 3068 noluerunt

1293 3082 1440 3163 papistae
1480 3080 1674 3146 contendere
1713 3081 1753 3146 de
1782 3085 2021 3167 praepositione
2054 3093 2147 3153 trater
2170 3109 2261 3172 quum

272 3187 415 3256 (simlerus
439 3188 553 3242 naemu
581 3186 703 3242 thesauri
725 3186 767 3239 ce
790 3186 850 3240 vu
868 3185 903 3240 eo
919 3204 936 3239 a
953 3186 1077 3240 ruarmo
1095 3190 1241 3256 acceptam.
1293 3165 1444 3231 viderent
1471 3166 1542 3232 illos
1565 3165 1643 3231 dare
1675 3166 1761 3250 quod
1782 3171 1887 3235 maius
1909 3180 1974 3235 est:
1998 3174 2260 3239 subsunumiter.

586 3255 659 3307 Alibi
677 3271 731 3308 non
748 3256 923 3321 invenimus.)
1292 3252 1453 3334 Displicet
1475 3272 1552 3401 erffio
1575 3251 1668 3317 nobis
1690 3253 1926 3334 illaconfessio,
1948 3257 2025 3339 quia
2043 3256 2194 3341 displicet
2210 3281 2262 3343 pa·

1292 3338 1418 3420 pismus
1450 3337 1485 3402 in
1542 3359 1579 3403 oo
1616 3338 1761 3404 articulo.
1807 3339 1902 3420 Quod
1936 3341 2067 3425 quidam
2099 3344 2178 3410 boni
2207 3344 2263 3412 riri

270 3427 467 3494 Reverendo
490 3427 561 3491 viro
584 3425 764 3491 eruditione
792 3433 825 3490 et
845 3425 973 3501 virtutes
994 3425 1175 3510 praestanti
1197 3423 1239 3488 D.
1294 3430 1453 3487 conantur
1485 3423 1652 3489 commode
1679 3424 1889 3508 interpretari
1907 3426 1997 3494 illam
2021 3429 2262 3509 confessionem,

270 3513 449 3579 Franciseo
478 3512 670 3577 Lismanino
697 3531 785 3576 nnnc
813 3511 924 3596 agenti
953 3512 988 3576 in
1017 3511 1165 3590 Polonia,
1184 3509 1241 3575 do·
1294 3509 1384 3573 omni
1406 3508 1523 3589 fructu,
1557 3529 1683 3588 vereor,
1705 3511 1836 3578 carebit.
1881 3513 2009 3579 Nolunt
2030 3517 2118 3581 enim
2141 3516 2263 3583 Luthe·

361 3601 450 3665 mino
469 3619 528 3663 suo
550 3597 773 3663 colendissimo
803 3603 836 3662 et
856 3596 952 3662 fratri
973 3597 1148 3664 carissimo.
1293 3595 1368 3659 rani
1396 3594 1496 3659 ullam
1526 3594 1698 3661 admittere
1719 3598 1961 3679 expositionem.
2007 3601 2201 3686 Apologiam
2223 3603 2263 3669 ci·

1295 3688 1376 3758 tant,
1407 3683 1460 3746 cui
1487 3681 1516 3746 si
1545 3680 1678 3748 accedat
1705 3702 1851 3749 recessus
1880 3685 2086 3751 comitiorum
2115 3690 2263 3772 imperia·

271 3806 314 3817 ..
337 3807 378 3817 ..
402 3807 440 3816 ..
474 3807 512 3816 ..
537 3806 578 3814 -
601 3803 639 3814 -
670 3804 713 3815 -
744 3805 785 3814 -
814 3805 854 3812 -
949 3805 990 3815 -
1013 3808 1053 3816 -
1137 3805 1178 3815 -
1201 3803 1242 3815 -
1295 3765 1376 3830 lium
1399 3765 1587 3831 habitorum
1620 3771 1701 3831 1530
1724 3770 1893 3851 apparebit
1914 3773 2180 3839 manifestissime
2196 3773 2265 3857 quis

274 3892 314 3904 -
333 3853 422 3935 Quid
444 3856 623 3920 sentiamus
651 3853 691 3919 de
709 3854 909 3920 confessione
930 3853 1160 3920 Waldensium
1183 3852 1242 3918 du·
1295 3851 1395 3915 fuerit
1416 3860 1494 3918 tunc
1519 3861 1551 3918 et
1580 3854 1622 3918 sit
1644 3854 1741 3918 etiam
1763 3875 1853 3921 nunc
1874 3857 2087 3924 confessionis
2109 3861 2265 3944 Augusta·

273 3940 352 4006 dum
373 3961 473 4023 quum
493 3940 579 4023 apud
601 3960 660 4004 nos
682 3960 769 4005 esses
791 3940 850 4005 tibi
868 3939 1017 4005 diximus.
1062 3939 1130 4005 Noe
1152 3938 1243 4004 illam
1296 3957 1358 4001 nae
1391 3938 1586 4019 intellectus,
1619 3959 1685 4003 non
1718 3939 1800 4005 alius
1823 3962 1920 4022 quam
1943 3943 2138 4026 papisticus:
2161 3947 2264 4030 ipsum

273 4047 331 4109 per
353 4027 463 4091 omnia
485 4025 711 4092 commendare
740 4047 806 4090 non
835 4046 1015 4108 possumus.
1060 4024 1243 4092 Oensuram
1296 4044 1413 4106 corpus
1430 4022 1555 4089 Christi
1578 4024 1838 4090 substantialiter
1865 4026 1978 4093 adesse
2001 4038 2034 4093 et
2056 4031 2097 4096 ab
2119 4032 2265 4097 omnibus

274 4132 352 4196 ergo
375 4112 523 4195 requiris.
553 4149 594 4158 —
627 4145 1241 4159 ------------
1296 4109 1550 4256 percipientibus
1570 4110 1769 4175 manducari.
1815 4112 1959 4178 Tametsi
1981 4135 2058 4199 ergo
2082 4117 2200 4184 millies
2212 4138 2264 4181 no-

274 4235 316 4243 -
338 4237 379 4245 -
401 4195 490 4277 Quid
511 4218 591 4261 vero
613 4197 701 4261 hunc
720 4195 864 4261 laborem
886 4196 980 4261 nobis
1001 4196 1053 4260 vis
1073 4196 1244 4279 imponere
1319 4194 1348 4258 is
1378 4203 1607 4278 proponantur
1637 4196 1823 4262 huiusmodi
1853 4199 2071 4266 confessiones
2097 4212 2132 4267 et
2155 4205 2263 4287 loquu-

274 4292 312 4347 ιιι
338 4281 378 4346 de
405 4303 489 4347 novo
520 4294 714 4365 argumenta
735 4287 769 4346 et
791 4283 932 4347 rationes
954 4290 1142 4365 repetamus
1163 4302 1244 4364 quas
1297 4280 1412 4356 tiones,
1436 4282 1708 4365 nonrecipiemus
1731 4290 1788 4346 aut
1799 4285 2008 4365 probabimus
2030 4287 2104 4353 illas
2117 4311 2265 4374 unquam,

273 4368 339 4432 iam
361 4369 455 4433 toties
477 4367 692 4451 protulimus?
736 4367 835 4432 Certe
856 4375 1113 4451 symmystarum
1134 4366 1243 4432 nullus
1297 4364 1516 4448 quiescimus
1544 4368 1590 4432 sic
1617 4367 1799 4433 intellectas
1822 4388 1974 4454 pugnare.
2000 4394 2075 4438 cum
2098 4376 2172 4453 fide,
2194 4397 2265 4441 cum

275 4452 336 4519 hoc
358 4453 478 4519 laboris
496 4455 660 4536 suscipere
679 4453 791 4517 voluit.
825 4452 920 4519 Unus
930 4451 972 4516 D.
989 4452 1103 4518 Petrus
1115 4452 1244 4536 Murtpr
1297 4451 1386 4515 omni
1419 4459 1581 4517 vetustate
1609 4463 1641 4518 et
1673 4473 1747 4518 cum
1777 4457 1878 4521 saeris
1900 4455 2012 4523 literis.
2057 4459 2131 4526 Nisi
2162 4463 2266 4545 ltaque

274 4540 417 4621 inspexit
438 4539 543 4604 looum
566 4538 606 4603 de
617 4539 813 4604 eucharistia
835 4546 867 4603 et
884 4559 962 4602 mox
984 4537 1126 4603 reddidit
1147 4545 1181 4602 et
1198 4537 1245 4602 di-
1296 4536 1351 4618 qui
1373 4557 1461 4602 nunc
1472 4537 1675 4603 Wormatiae
1693 4539 1922 4623 colloquuntur
1932 4542 2159 4624 Melecebtbou,
2171 4546 2267 4613 Bren-

275 4624 327 4688 xit
344 4622 405 4687 sibi
428 4645 494 4689 non
525 4623 654 4707 probari
684 4645 741 4706 per
769 4626 879 4689 omnia
902 4643 985 4706 quae
1003 4623 1070 4689 illic
1092 4622 1244 4688 dicuntur
1296 4622 1360 4686 tius
1389 4630 1422 4686 et
1449 4625 1568 4689 caeteri
1595 4625 1788 4707 explicatius
1815 4636 1848 4690 et
1869 4627 1999 4709 plenius
2021 4637 2093 4696 se'se
2116 4654 2266 4716 exposce

276 4709 316 4775 de
337 4731 437 4776 coena
465 4709 608 4774 Domini.
661 4710 733 4793 ligo
762 4719 858 4789 certe,
887 4708 965 4774 dum
987 4708 1117 4792 inspexi
1145 4709 1243 4793 paulo
1297 4706 1371 4783 rint,
1404 4716 1437 4773 et
1465 4709 1554 4774 aliud
1581 4711 1616 4775 in
1638 4711 1700 4775 hac
1721 4729 1821 4777 eausa
1841 4732 1876 4778 se
1897 4714 2020 4781 sentire
2042 4738 2141 4800 quam
2162 4720 2266 4802 papis·

276 4795 473 4880 diligentius,
504 4794 571 4861 vidi
599 4803 729 4860 autores
757 4795 845 4860 illius
870 4794 1082 4861 confessionis
1103 4792 1136 4860 id
1158 4794 1244 4879 quod
1297 4802 1350 4857 tae
1380 4795 1529 4861 sentiunt
1558 4796 1804 4877 declaraverint,
1827 4818 1995 4882 nunquam
2019 4803 2065 4885 pii
2086 4803 2179 4868 illam
2197 4825 2266 4871 een·

275 4902 391 4947 verum
409 4891 460 4945 eat
481 4881 602 4946 vidisse
623 4901 682 4946 nec
703 4891 812 4945 tamen
825 4879 976 4964 expedite
998 4880 1130 4945 etelare
1152 4880 1244 4946 effari
1297 4879 1471 4946 fossionem
1495 4882 1637 4964 recipere
1665 4889 1826 4967 poterunt.
1851 4921 2264 4936 ————————

275 4966 424 5033 voluisse.
468 4965 538 5031 Our
565 4975 674 5031 autem
695 4968 741 5031 ita
769 4966 900 5031 libuerit
929 4987 995 5032 non
1018 4966 1121 5032 video.
1162 4964 1245 5032 Sus·
1297 5001 1339 5011 -
1362 5003 1402 5014 -
1426 4967 1540 5051 'Piguri
1563 4966 1592 5032 d.
1613 4971 1663 5033 25.
1687 4966 1801 5035 Octob.
1828 4973 1918 5034 1557.

275 5053 364 5133 pioor
386 5051 517 5134 aliquid.
551 5051 680 5135 Negare
696 5050 852 5117 videntur
869 5051 1068 5135 corporalem
1090 5072 1244 5135 praesen·
1864 5107 2077 5192 Buflingerus
2099 5119 2181 5176 tum

361 5240 407 5306 10)
426 5240 463 5294 In
480 5241 570 5295 codice
587 5247 704 5308 quotuor
722 5238 818 5294 uitae
836 5241 947 5295 cominu
965 5240 1125 5306 deformata.
1674 5250 1877 5260 ““““““““
