4688 5902
262 240 347 330 aar
2193 262 2253 324 cas

1011 261 1272 331 EPISTOLAE
1294 265 1506 331 auct-2655

262 452 373 518 coetus
394 451 432 516 ac
453 454 644 533 congressus
667 471 732 515 non
754 459 910 535 poterunt
926 453 1034 534 ipsum
1055 471 1120 515 non
1143 470 1233 514 sum·
1283 450 1431 515 suntinis·
1444 448 1612 526 indicaret,
1635 455 1668 515 et
1689 457 1746 514 eos'
1766 450 1924 513 invitaret
1945 448 1987 514 ad
2006 469 2045 514 ea
2059 445 2255 532 praestanda

263 536 394 619 mopere
426 535 579 601 oblectari
607 542 640 600 et
666 537 834 613 consolari,
867 537 1173 618 instmctioremque
1196 539 1233 601 ac
1283 557 1366 619 quae
1384 534 1474 601 ultro
1494 535 1688 600 obtulerant.
1725 534 1872 616 Oorpbra
1893 536 1996 600 vitam
2014 543 2048 599 et
2069 533 2182 599 omnia
2200 534 2257 598 ob··

264 621 428 687 utiliorem
454 621 558 704 magis
586 621 753 704 magisque
782 621 918 687 reddere
941 621 1094 688 ecclcsiae
1115 620 1178 686 Dei
1201 625 1235 686 et
1284 620 1420 686 tulimus
1441 639 1543 704 eaque
1565 621 1705 686 obnoxia
1726 619 1891 686 voluimus
1919 641 2031 685 eorum
2060 619 2255 705 potestatis

263 702 399 773 Domini
437 705 545 771 nostri
570 706 648 771 Iesu
681 705 814 773 Christi
871 707 965 788 Quae
998 727 1051 772 res
1083 705 1233 772 omnibus
1284 707 1355 771 Deo
1388 707 1565 784 ordinatae,
1599 725 1658 771 nec
1691 705 1909 771 detrectamus
1941 726 2054 771 eorum
2087 704 2254 781 iudicium,

264 791 384 874 alioqui
406 791 610 857 adminiculis
633 790 788 858 destituta
809 791 941 858 deberet
972 815 1031 859 nos
1052 792 1234 874 fratresque
1283 791 1555 874 quemadmodum
1578 791 1722 874 ipsorum
1745 790 1921 870 Plebanus,
1949 801 2091 856 mortem
2116 813 2183 856 non
2207 811 2256 854 re·

263 877 316 943 hic
338 884 468 942 nostros
490 877 618 942 abunde
639 877 798 944 consolari
821 879 854 942 in
877 878 981 944 isthac
999 879 1109 942 fratris
1131 878 1235 943 nostri
1284 877 1429 961 fugimus
1451 887 1485 942 et
1506 879 1639 959 quaevis
1662 886 1833 955 tormenta,
1855 878 1883 942 si
1905 877 2086 943 adversarii
2107 878 2256 941 convice-

264 961 457 1027 visitationc.
488 999 780 1011 -----
805 962 1043 1029 Wladislaviae
1074 968 1124 1029 23.
1147 962 1234 1027 lunii

265 1069 351 1112 anno
373 1051 463 1112 1557.
557 1130 567 1147 ἦ

403 1184 542 1250 Vestrae
564 1186 709 1250 omnium
732 1186 846 1268 pietati
869 1186 972 1251 multo
994 1185 1235 1252 addictissimus

701 1271 747 1337 Io.
770 1271 986 1337 Utenboviua.

657 1566 857 1575 ——··-.-—-

698 1814 799 1886 2658.

496 1970 745 2038 FARELLUS
769 1969 985 2037 CALVINO.

353 2147 436 2214 Fata
453 2165 513 2212 etto
526 2142 787 2209 Por-remtrmemsic
808 2147 929 2206 currat.

267 2321 320 2387 (lix
348 2325 411 2372 anto
461 2317 516 2386 pho
543 2316 607 2369 Cod.
641 2315 742 2368 Gener.
769 2309 836 2375 115,
862 2311 907 2364 iol.
936 2310 998 2375 131,
1030 2313 1091 2366 coll.
1117 2330 1139 2366 c
1169 2314 1234 2368 (lod.

266 2390 374 2444 Terret.
392 2388 408 2441 1
444 2427 451 2452 ,
469 2386 515 2439 iol
533 2383 577 2453 89,
594 2386 666 2452 lipp.
684 2381 764 2435 Bern.
776 2380 825 2434 VI.
843 2397 869 2448 p.
880 2378 931 2433 ⁷29
948 2389 977 2434 et
995 2381 1101 2436 simleri
1111 2381 1235 2450 Vetas.)

351 2557 475 2624 Christi
509 2574 602 2620 servo
629 2553 745 2617 Ioanni
776 2550 913 2617 Oalvino
946 2551 1099 2618 ecclcsiae
1125 2552 1234 2619 Gene-

267 2646 377 2711 vensis
398 2642 521 2726 pastori
544 2639 724 2724 insigniori.
746 2658 749 2670 ·

988 2722 1150 2789 Genavao.

354 2898 389 2965 S.
422 2897 561 2962 Fuimus
582 2894 815 2961 Porrcntruaci
829 2892 854 2974 ¹)
876 2913 950 2958 cum
969 2892 1085 2960 Sorello
1106 2904 1138 2959 et
1159 2896 1235 2960 Ple·

268 2982 574 3051 banoSarreriensi.
607 2981 719 3045 Invia
738 2979 836 3061 aliqui
854 2977 1025 3044 sacrificuli
1044 2990 1078 3044 et
1099 2981 1134 3044 in
1156 2982 1236 3047 urbe

267 3074 339 3155 ipsa
360 3077 531 3134 tentarunt
553 3067 645 3132 nobis
665 3064 824 3131 facessere
845 3064 1023 3147 negotium,
1051 3087 1094 3129 ne
1115 3067 1237 3132 frustra

268 3158 411 3222 latrones
436 3164 610 3219 vocentur:
645 3151 703 3216 sed
732 3148 903 3232 impedivit
924 3151 1094 3216 Dominus.
1139 3153 1236 3218 Pete·

267 3242 383 3306 bamus
409 3242 462 3305 ina
482 3238 575 3303 nobis
597 3236 661 3302 dici
693 3243 808 3302 contra
835 3254 890 3299 eos
941 3237 974 3298 ui
997 3256 1057 3301 nos
1083 3258 1237 3322 spargere

268 3328 392 3392 zizania
404 3325 567 3390 dixerunt.
601 3323 784 3406 Episcopus
802 3256 968 3402 respondit
985 3342 1020 3385 se
1037 3323 1085 3386 ita
1105 3325 1237 3389 iussisse

268 3433 343 3477 eum
372 3413 426 3494 qui
454 3409 536 3475 haec
569 3408 713 3490 protulit,
746 3406 857 3472 dicens
889 3406 917 3470 si
947 3428 1021 3471 cum
1050 3409 1120 3490 ipso
1142 3429 1238 3493 agere

268 3497 417 3570 velimus,
441 3516 539 3579 quum
554 3495 706 3577 princeps
723 3494 766 3557 sit
778 3491 921 3573 Imperii,
944 3510 1053 3557 coram
1064 3515 1122 3559 suo
1133 3495 1239 3561 iudice

269 3583 491 3649 conveniatur.
537 3580 675 3645 Sorellcc
696 3579 819 3642 sicum
841 3575 987 3641 Plebano
1019 3598 1115 3662 agere
1147 3581 1229 3644 velit

268 3668 465 3734 Bisuntinus
494 3667 665 3748 epiecopus
694 3671 744 3728 est
773 3662 870 3727 iudex
898 3670 932 3727 et
954 3661 1025 3727 ideo
1054 3665 1239 3730 adeundus:

268 3753 310 3818 ad
333 3754 438 3817 iorum
458 3751 649 3816 Basiliensis
671 3770 735 3814 non
760 3756 893 3830 spectat
929 3748 962 3812 Is
982 3749 1036 3830 qui
1049 3749 1239 3817 verberibus

268 3840 376 3905 affecit
402 3840 510 3902 vocari
533 3837 629 3902 debet
651 3834 690 3899 nd
719 3840 766 3898 16.
790 3833 874 3897 Iulii.
919 3831 986 3898 Sed
1009 3845 1146 3917 apparet
1174 3858 1239 3902 non

268 3923 462 3999 vocandum,
486 3924 569 3987 etsi
591 3931 726 3986 vocetur
747 3940 814 3983 non
831 3919 1097 4000 compariturum.
1141 3923 1242 4006 Legit

270 4010 357 4074 enim
391 4009 521 4085 milites,
555 4017 591 4071 ut
620 4007 722 4082 aiunt,
754 4005 884 4087 Imperii
912 4005 1051 4069 nomine.
1102 4007 1241 4091 Egimus

269 4096 439 4160 incenato
461 4093 575 4157 multis
596 4102 729 4175 propter
757 4114 797 4155 oc
825 4110 907 4172 quae
934 4091 1150 4174 contigerant,
1184 4093 1241 4158 sed

270 4181 475 4263 potissimum
497 4179 539 4243 ob
559 4198 598 4242 ea
615 4198 698 4260 quae
709 4176 878 4241 Bisuntini
899 4185 1046 4258 egerunt
1081 4175 1242 4244 Dicebant

271 4268 359 4330 enim
389 4264 577 4330 sevenisse
608 4274 647 4328 ut
686 4262 890 4344 disputarent
929 4260 1096 4327 nobiscum
1128 4273 1243 4330 contra

269 4351 388 4415 falsam
407 4350 544 4432 immam
566 4357 599 4413 et
620 4347 768 4431 putidam
796 4346 978 4410 doctrinam
1008 4358 1161 4428 nostram,
1194 4372 1243 4414 ro
1312 4385 1319 4399 ·

270 4446 452 4520 gerantque
473 4446 519 4513 ut,
542 4434 569 4499 si
587 4436 641 4516 qui
653 4434 804 4499 venirent
825 4430 983 4497 eiusmodi
1001 4434 1244 4501 concionatores

270 4521 436 4597 haeretici,
459 4521 565 4585 statim
589 4521 669 4603 ipsis
697 4518 911 4583 indicaretur:
946 4538 1022 4582 nam
1043 4540 1121 4583 mox
1144 4521 1243 4587 advo·

271 4607 388 4683 lerant,
421 4607 520 4670 etiam
543 4614 638 4670 nocte
667 4606 739 4687 ipsa
771 4605 834 4668 iter
866 4605 1029 4686 arreptori
1061 4614 1095 4669 et
1115 4607 1242 4673 facturi.

273 4691 342 4756 Nos
370 4691 610 4756 obtestabamur
639 4689 744 4755 modis
776 4689 927 4755 omnibus
957 4697 1105 4756 senatum
1127 4701 1164 4757 ut
1186 4693 1243 4758 Bi·

276 4863 475 4878 m

274 4957 402 5022 265111)
423 4958 464 5024 Os.
490 4961 526 5014 N.
545 4959 611 5013 2647
630 4968 684 5016 not.
702 4964 726 5015 5.
763 4960 917 5032 Episcopus
938 4961 1103 5017 Bisuntinac
1126 4971 1150 5017 et
1173 4965 1244 5019 Pcr-

1285 963 1352 1027 rint
1374 985 1434 1028 noe
1457 963 1542 1028 male
1564 962 1723 1029 docuisse:
1754 973 1788 1027 et
1806 983 1849 1027 ne
1870 963 2023 1041 conditio,
2044 963 2098 1028 cui
2119 983 2181 1028 nos
2202 960 2257 1026 ad·

1285 1048 1487 1132 stringimus,
1508 1058 1692 1114 remoretur
1709 1048 1914 1114 adversarios
1930 1049 1988 1132 qui
1999 1055 2130 1113 tantum
2140 1049 2257 1112 timent

1284 1135 1352 1199 cuti
1384 1145 1449 1199 tam
1479 1135 1562 1199 bene
1593 1145 1740 1212 curatae,
1772 1133 1924 1200 volumus
1956 1154 2011 1199 ecs
2038 1145 2134 1198 extra
2162 1155 2258 1198 omna

1284 1220 1465 1302 periculum
1488 1241 1569 1300 ease,
1590 1221 1618 1284 si
1640 1221 1719 1286 victi
1736 1220 1864 1284 fuerint
1901 1220 1973 1285 Hoc
1994 1219 2100 1285 solum
2118 1220 2258 1304 petimus

1286 1312 1323 1370 ut
1341 1305 1382 1371 ad
1403 1305 1539 1371 meliora
1556 1305 1709 1371 sectanda
1726 1309 1920 1389 cogentur*
1954 1303 2099 1370 Senatus
2117 1304 2258 1370 multum

1285 1393 1354 1475 egit
1375 1395 1486 1464 amice.
1517 1411 1576 1456 nos
1603 1392 1743 1475 benigne
1766 1391 1925 1456 auditos·
1954 1390 2085 1455 demum
2114 1390 2178 1455 hoc
2208 1410 2258 1455 re·

1286 1498 1406 1559 sponso
1427 1498 1486 1559 per
1507 1486 1646 1559 quatuor
1664 1497 1745 1559 quos
1755 1477 1846 1542 misit
1862 1475 1942 1559 quid
1963 1475 2101 1542 sentiret
2122 1479 2257 1558 aperuit

1286 1564 1365 1646 Egit
1386 1563 1510 1647 gratias
1532 1561 1618 1646 quod
1645 1574 1711 1627 tam
1740 1563 1893 1645 propensi
1922 1582 2066 1628 essemus
2095 1569 2128 1626 et
2149 1562 2259 1629 omnia

1286 1649 1479 1714 offerremus
1511 1649 1546 1713 in
1578 1650 1719 1732 gratiam
1750 1649 1904 1730 ipsorum.
1949 1647 2044 1727 Quod
2073 1649 2194 1713 attinet
2218 1646 2260 1712 ad

1285 1731 1547 1817 disputationem,
1570 1756 1605 1800 se
1627 1755 1692 1798 non
1714 1754 1784 1798 esse
1807 1753 1984 1816 supremos,
2007 1733 2064 1797 sed
2086 1733 2147 1797 sub
2170 1733 2259 1816 prin'·

1286 1819 1365 1902 cipe.
1400 1818 1514 1885 Sinos
1536 1824 1740 1902 possumus*
1761 1819 1889 1884 efficere
1910 1818 1997 1903 apud
2019 1819 2202 1901 principem
2223 1825 2259 1883 ut

1286 1906 1446 1971 habeatur
1475 1906 1667 1988 disputatio,
1700 1915 1779 1971 tunc
1812 1904 1904 1969 nobis
1937 1913 2144 1987 prospectum
2179 1904 2258 1968 bana

1286 1991 1354 2056 fore
1376 2013 1419 2056 ne
1440 2013 1504 2073 qua
1525 1993 1574 2056 vis
1595 1991 1770 2056 inferatur:
1795 1989 1915 2072 alioqui
1938 2010 1974 2054 se
1996 2010 2062 2054 non
2083 2009 2180 2072 posse
2201 2011 2258 2054 nos

1286 2078 1380 2141 tueri.
1425 2075 1588 2142 Senatum
1610 2097 1676 2140 non
1697 2075 1917 2141 indicaturum
1937 2076 2124 2141 Bisuntinis
2146 2089 2184 2139 ut
2205 2094 2258 2139 ve·

1286 2164 1387 2238 niant,
1410 2164 1486 2242 quia
1508 2164 1574 2227 iam
1596 2173 1705 2244 partes
1727 2161 1919 2227 viderentur
1940 2181 2011 2226 esse
2029 2175 2063 2224 et
2086 2180 2155 2225 non
2177 2160 2258 2224 iudi·

1286 2269 1353 2312 ces:
1382 2247 1415 2311 id
1443 2269 1501 2329 por
1529 2248 1710 2330 principem
1739 2259 1798 2311 aut
1822 2247 2005 2312 Plebanum
2036 2248 2108 2311 fieri
2135 2244 2258 2323 debere,

1287 2333 1485 2415 credantque
1507 2333 1690 2398 Plebanum
1711 2333 1777 2396 iam
1801 2333 1866 2396 illis
1894 2330 2063 2396 indicasse.
2108 2332 2259 2397 Commo-

1287 2419 1527 2484 nefaciebamus
1549 2439 1604 2484 eos
1626 2420 1680 2501 qui
1704 2437 1899 2502 responsum
1922 2417 2043 2482 dabant
2064 2416 2143 2499 quid
2165 2436 2259 2501 agere

1288 2504 1452 2582 deberent,
1475 2514 1509 2568 et
1531 2504 1571 2569 de
1594 2505 1744 2569 tribubus
1753 2504 1780 2587 ²)
1803 2502 1966 2587 cogendis.
1989 2503 2094 2567 edocti
2117 2523 2174 2566 eas
2195 2524 2258 2567 non

1287 2601 1537 2673 repugnaturus.
1583 2588 1650 2655 Sed
1669 2589 1729 2653 hoc
1750 2589 1882 2653 frustra.
1927 2589 1995 2652 Nos
2023 2607 2161 2672 agemm
2188 2608 2259 2653 cum

1286 2676 1408 2740 nostris
1430 2676 1484 2740 hic
1505 2686 1538 2740 et
1559 2695 1633 2740 cum
1652 2674 1725 2739 aliis
1741 2675 1776 2738 in
1800 2673 1926 2749 vicinia,
1949 2688 1988 2738 ιιι
2006 2675 2034 2739 si
2051 2694 2168 2738 omnes
2189 2694 2259 2757 pos·

1287 2762 1356 2824 sint
1376 2762 1538 2826 Bemates
1570 2780 1759 2844 permovere
1793 2772 1831 2824 ut
1860 2759 1990 2842 plenius
2022 2758 2171 2825 scribant
2202 2778 2258 2840 pro

1287 2845 1515 2929 disputatione,
1545 2857 1579 2910 et
1600 2854 1740 2930 urgeant
1768 2857 1839 2910 tum
1862 2846 2048 2926 episcopum
2076 2857 2149 2909 tum
2172 2863 2259 2909 sena·

1286 2943 1356 2997 tum
1386 2943 1420 2996 ct
1447 2934 1534 3013 ipsos
1555 2932 1755 2996 Bisuntiuos.
1800 2931 1918 3019 Nescio
1945 2950 1988 2994 an
2018 2929 2190 3013 expediret
2216 2950 2259 2995 sc·

1288 3028 1402 3082 uatum
1425 3019 1523 3082 istum
1548 3019 1731 3092 convenire,
1754 3026 1787 3080 et
1809 3017 2091 3081 Lausannensem.
2137 3015 2177 3081 Si
2199 3015 2258 3080 dis-

1288 3104 1414 3186 putatio
1436 3103 1575 3167 obtineri
1598 3103 1699 3185 possit
1721 3124 1787 3167 non
1810 3101 1921 3167 dubito
1941 3103 2021 3184 quin
2036 3111 2073 3166 tu
2086 3114 2121 3166 at
2140 3103 2259 3167 Visetur

1288 3192 1393 3270 parati
1426 3189 1498 3252 sitis
1532 3189 1646 3253 adesse
1679 3199 1713 3252 ct
1745 3208 1842 3273 agere
1871 3208 1954 3268 quae
1985 3187 2107 3252 milites
2138 3187 2257 3253 Christi

1290 3272 1392 3338 decet.
1437 3274 1670 3339 Laborandum
1693 3275 1755 3338 erit
1783 3275 1818 3337 in
1847 3272 2031 3352 obtinenda,
2065 3294 2127 3338 neo
2150 3273 2258 3337 dubito

1288 3361 1366 3440 quin
1388 3360 1549 3424 Bernates
1571 3359 1604 3423 id
1632 3361 1766 3440 possint,
1800 3370 1857 3423 aut
1889 3370 1957 3423 tam
1985 3358 2125 3424 reddere
2147 3357 2258 3423 adver·

1289 3446 1392 3510 serios
1410 3454 1612 3528 contemptos
1643 3467 1680 3509 ac
1703 3447 1731 3509 si
1754 3446 1867 3527 aperta
1889 3455 1997 3509 essent
2020 3444 2101 3508 victi
2120 3443 2257 3527 disputa·

1289 3533 1384 3595 tione.
1419 3533 1596 3596 Precemur
1608 3532 1788 3595 Dominum
1806 3539 1843 3594 ut
1859 3528 1913 3593 hic
1930 3531 2040 3594 faveat
2062 3530 2257 3613 gloriamque

1231 3632 1238 3660 ’
1289 3637 1380 3681 suam
1402 3617 1612 3681 illustriorem
1635 3616 1758 3680 reddat.

1376 3702 1591 3783 Qaueirotw)
1615 3700 1804 3786 designatus
1832 3702 1895 3765 fuit
1917 3702 2043 3784 legatus
2065 3721 2125 3782 pro
2147 3702 2257 3766 comita

1293 3787 1422 3869 Georpio
1443 3787 1483 3852 ad
1506 3790 1640 3872 Regem.
1653 3792 1680 3860 ⁴)
1725 3786 1793 3852 Sed
1814 3807 1914 3868 quum
1942 3787 1999 3850 alii
2019 3806 2087 3850 non
2111 3787 2257 3850 venerint

1291 3872 1395 3937 adhuc
1418 3873 1503 3937 domi
1525 3888 1575 3938 est
1597 3884 1800 3955 exspectans.
1845 3872 2003 3955 Suspicor
2022 3872 2151 3954 legatos
2172 3874 2256 3953 prin·

1290 3959 1398 4040 cipum
1420 3976 1605 4042 exspectare
1627 3958 1705 4042 quid
1731 3959 1858 4042 egerint
1886 3959 2058 4022 civitatum
2088 3957 2119 4022 le
2164 3959 2199 4031 ti,
2226 3971 2257 4021 ιιι

1289 4043 1365 4107 inde
1382 4046 1511 4125 capiant
1532 4044 1703 4110 consilium
1722 4044 1799 4126 quid
1818 4065 1915 4126 agere
1933 4043 2079 4108 debeant.
2141 4044 2257 4109 hristus

1291 4128 1374 4193 adsit
1399 4128 1554 4196 fratribus
1584 4140 1617 4194 et
1645 4133 1756 4194 omnia
1784 4130 1959 4211 impiorum
1989 4127 2127 4194 consilia
2155 4138 2191 4194 et
2211 4149 2256 4194 co·

1292 4223 1389 4279 natus
1408 4216 1548 4299 frangat,
1571 4215 1729 4297 nobisque
1749 4235 1879 4297 semper
1896 4214 2036 4299 benigne
2059 4226 2091 4277 ct
2114 4225 2256 4298 potenter

1293 4299 1385 4364 adsit.
1430 4301 1544 4366 Gestio
1566 4301 1752 4384 Principem
1763 4302 1789 4384 ⁵)
1811 4299 1946 4365 tandem
1977 4302 2063 4365 istuc
2090 4302 2179 4366 viam
2210 4321 2255 4364 ar·

1293 4385 1437 4468 rapuisse.
1480 4386 1581 4451 Faxit
1602 4385 1754 4452 Christus
1786 4394 1825 4450 ut
1852 4386 1953 4469 probe
1986 4384 2080 4451 docta
2102 4394 2137 4451 et
2166 4385 2255 4469 plene

1294 4472 1483 4535 confirmata
1504 4473 1538 4536 in
1561 4473 1659 4537 verbo
1681 4471 1792 4536 redeat
1821 4479 1855 4536 et
1882 4473 1919 4536 in
1941 4471 2041 4536 finem
2064 4492 2169 4554 usque
2190 4491 2254 4553 per·

1395 4762 1422 4822 2)
1440 4762 1546 4827 Zs'tmfte.

1394 4830 1423 4898 3)
1441 4831 1481 4886 N.
1500 4830 1574 4885 2637.

1393 4898 1423 4967 4)
1440 4904 1471 4954 im
1487 4916 1573 4962 causa
1597 4898 1787 4953 Wuldemeiam.
1827 4896 1905 4964 Quae
1926 4898 2023 4966 legatio
2044 4900 2201 4966 principum
2217 4899 2253 4950 de

1294 4983 1365 5021 mum
1381 4985 1415 5021 m.
1434 4970 1508 5023 Iulio
1526 4970 1663 5023 Lutetiam
1684 4969 1808 5036 protecta
1829 4973 1869 5020 est
1886 4983 1967 5036 qaam
1985 4966 2106 5020 Helvetii
2126 4973 2182 5022 iam
2199 4965 2255 5020 mdc

273 5030 417 5081 lamentum
438 5027 525 5083 Dolue
543 5030 575 5083 de
593 5030 701 5085 Farelli
716 5031 857 5086 meatibus
875 5048 919 5101 ap.
937 5038 1060 5085 semotum
1079 5032 1244 5088 Rementem
1294 5038 1421 5092 redirent.
1474 5039 1478 5051 '

275 5099 362 5165 questi
387 5103 457 5150 sumt.
507 5097 582 5165 Quae
606 5114 651 5151 res
684 5114 768 5231 ame
799 5101 829 5152 im
855 5115 881 5152 a.
916 5097 980 5155 1558
1009 5106 1150 5169 protracta
1180 5104 1243 5170 scit.

274 5164 401 5231 (Rucbut
419 5166 464 5219 Vl.
483 5165 534 5220 218
553 5166 700 5222 Kirebb.l

1293 5172 1361 5227 2645
1387 5105 1469 5240 2534ξῖ
1490 5108 1626 5176 storquice
1648 5104 1681 5159 de
1705 5103 1832 5159 Rotbele‘m
1859 5103 1984 5165 (Rucbct
2002 5104 2048 5158 VI.
2065 5102 2127 5158 222.
2164 5104 2203 5170 Cf.
2220 5100 2252 5156 N.
