4778 5888
90 301 156 381 3⁶9.
1002 305 1082 369 1556
1105 323 1130 369 s.
1152 302 1182 369 d.
2028 311 2094 377 370

178 490 427 556 sichimam
459 490 587 573 prolixe
616 490 804 575 respondeo,
827 513 925 573 quam
954 513 1065 558 rerum
1118 500 1244 557 nostros
1265 494 1373 574 potius
1405 494 1574 559 stimulare
1602 494 1636 559 in
1664 493 1790 576 melius,
1813 517 1912 579 quam
1933 498 2094 579 praebere

90 577 132 642 de
154 577 270 660 quibus
292 576 333 641 ad
355 597 408 640 me
426 575 584 659 scripsisti
601 576 725 642 ferebat
746 578 837 660 eopia
859 587 891 642 et
915 578 1064 656 varietas,
1118 576 1170 642 vel
1196 578 1307 661 exigui
1336 579 1523 645 offendiculi
1552 580 1731 645 materiam.
1776 580 1843 647 Sed
1861 582 1940 665 quid
1961 593 2094 650 conter-

90 662 249 746 epistolae
281 662 436 727 brevitati
477 663 633 743 temporis
667 663 854 745 angustiam
889 660 1064 729 oblendere
1116 662 1217 739 ranei,
1240 664 1415 745 etquidem
1435 666 1470 729 in
1492 665 1607 746 patria,
1631 665 1671 730 de
1693 667 1879 732 taeentiant
1900 676 1933 733 et
1953 667 2094 751 loquan-

90 748 269 816 nonlicet:
293 748 372 813 satis
400 747 490 811 enim
516 768 678 829 superque
707 746 748 811 ad
771 747 978 814 scribendum
1001 750 1064 813 fuit
1117 758 1182 826 tur,
1204 746 1263 812 tibi
1275 749 1480 833 incognitum
1501 772 1572 817 esse
1590 750 1674 828 nolo,
1696 752 1760 816 nisi
1774 752 1857 818 sorte
1879 754 1945 818 iam
1956 753 2096 820 aliunde

90 836 159 911 otii,
182 833 327 899 simodo
360 854 439 898 usus
467 831 581 897 forem.
624 832 721 913 Quod
748 842 780 898 te
808 835 932 899 moneri
961 837 1062 917 cupis,
1116 835 1295 900 resciveris.
1341 835 1456 917 Neque
1483 837 1580 901 etiam
1608 835 1819 903 dissimulabo
1845 837 1931 921 quod
1961 839 2092 921 pridem

89 920 216 1005 siquid
237 922 272 985 in
293 928 326 984 te
344 917 533 993 desiderem,
552 928 586 983 et
608 919 669 983 tibi
690 940 820 984 rursum
843 919 940 984 anxie
958 941 1063 998 caves,
1116 940 1136 983 a
1158 919 1270 983 multis
1282 920 1548 986 animadversum
1571 922 1761 1004 fuit:quum
1780 922 1914 988 fratrem
1937 933 2094 989 nostrum

89 1028 132 1074 ne
154 1006 352 1071 delatoribus
369 1026 482 1069 aurem
497 1003 683 1086 praebeam:
707 1004 785 1086 qnid
807 1005 1063 1088 mihiagendum
1116 1003 1156 1068 N.
1191 1026 1287 1087 saepe
1320 1004 1492 1072 diaconum
1533 1017 1628 1072 tuum
1664 1028 1809 1085 vocares,
1849 1029 1968 1073 nomen
2006 1009 2091 1074 illud

90 1096 135 1161 sit
156 1093 272 1157 neseio.
317 1091 389 1155 Nisi
420 1092 506 1154 enim
536 1111 589 1153 me
610 1089 697 1154 fallit
717 1090 836 1172 opinio,
859 1111 1063 1173 supervacua
1116 1090 1225 1155 neseio
1243 1090 1320 1172 quid
1338 1092 1446 1157 inanis
1463 1093 1635 1158 iactantiae
1653 1093 1801 1174 spirasse.
1837 1094 1985 1158 Plurima
2002 1095 2091 1159 eius-

90 1179 275 1261 suspicione
292 1176 444 1241 laborans
472 1173 641 1258 quibusvis
664 1175 899 1240 monitionibus
931 1179 1062 1241 ianuam
1116 1172 1191 1238 dem
1219 1175 1349 1259 generis
1378 1176 1489 1242 eodem
1518 1177 1651 1242 consilio
1673 1179 1789 1242 omitto
1806 1201 1903 1258 nunc,
1925 1201 1988 1262 quo
2011 1181 2090 1246 hac-

90 1262 282 1348 praecludis.
317 1262 389 1345 Ego
412 1282 500 1339 vero,
522 1262 568 1325 mi
589 1260 702 1335 frater,
724 1261 849 1326 sineere
871 1261 1062 1341 tibiassero,
1116 1270 1213 1325 tenus
1239 1261 1291 1326 vol
1329 1283 1433 1327 unum
1461 1263 1623 1346 attingere
1649 1262 1848 1342 distuleram,
1871 1286 2004 1348 parcere
2028 1266 2089 1332 tibi

89 1372 158 1416 non
180 1350 281 1414 luisse
304 1347 483 1429 perieulum
507 1369 526 1410 a
547 1345 664 1428 quibus
685 1345 742 1410 tibi
764 1348 892 1412 metuis.
935 1347 1063 1412 Verum
1115 1347 1258 1427 cupiens,
1289 1369 1329 1411 ne
1359 1356 1445 1414 reete
1480 1348 1598 1432 agendi
1628 1348 1778 1414 alacritas
1806 1352 2027 1417 minneretur:
2055 1359 2089 1416 et

89 1445 128 1501 ut
149 1435 238 1499 hunc
257 1433 309 1498 vel
326 1431 581 1514 illumrepudies
604 1439 729 1506 testem,
753 1434 809 1495 vix
832 1454 974 1514 unquam
996 1434 1064 1498 efli-
1116 1431 1213 1496 simul
1241 1433 1317 1514 quia
1345 1433 1414 1498 fore
1433 1434 1614 1516 sperabam,
1644 1443 1682 1498 ut
1706 1444 1820 1518 sponte
1847 1435 1962 1500 melior
1989 1457 2088 1518 quae·

89 1523 156 1587 cies
178 1521 257 1603 quin
281 1519 344 1584 duo
367 1521 400 1582 in
424 1527 620 1583 tenetentur
637 1517 733 1582 vitia:
756 1519 929 1583 ostentatio
951 1530 984 1583 et
1000 1518 1062 1583 im·
1116 1516 1190 1582 dam
1214 1519 1387 1583 maturitas
1409 1518 1469 1584 hos
1491 1540 1614 1585 naevos
1637 1519 1768 1585 deleret.
1815 1519 1911 1602 Quod
1932 1521 2087 1604 recipien-

90 1606 237 1673 modiuus
274 1603 445 1688 satagendi
474 1605 591 1668 fervor.
636 1601 747 1682 Quare
780 1604 809 1667 si
853 1605 1062 1687 exstinguere
1115 1601 1173 1667 dos
1195 1625 1261 1666 non
1283 1613 1380 1684 putas
1399 1606 1454 1685 qui
1484 1605 1524 1669 ab
1546 1605 1618 1670 aliis
1644 1605 1786 1671 ecclesiis
1808 1607 1879 1671 sine
1901 1607 2087 1673 testimonio

89 1694 183 1776 oupis
207 1691 379 1754 homiuum
397 1709 575 1764 sermones,
598 1688 707 1753 danda
723 1709 821 1770 opera
839 1699 898 1766 est,
920 1691 1061 1772 primum
1115 1687 1157 1751 ad
1178 1709 1236 1753 uos
1259 1690 1406 1762 veniunt,
1440 1689 1534 1756 facile
1556 1690 1615 1755 tibi
1637 1691 1809 1755 assentior:
1829 1693 1905 1774 quia
1927 1703 1961 1757 et
1982 1694 2087 1758 veteri

89 1789 129 1844 ut
150 1785 309 1861 purgatus
332 1774 420 1840 omni
444 1775 619 1839 ambitione
641 1776 771 1838 animus
793 1773 833 1838 ad
860 1797 971 1840 veram
994 1797 1062 1838 mo·
1115 1794 1176 1839 usu
1205 1774 1290 1839 inter
1311 1774 1382 1856 pios
1405 1784 1572 1857 receptum
1598 1785 1656 1854 est,
1684 1776 1782 1859 idque
1809 1778 1937 1860 flagitat
1965 1778 2087 1844 saeculi

89 1864 229 1929 destiam
258 1863 374 1944 spiret:
405 1858 523 1927 deinde
551 1881 592 1924 ne
618 1882 682 1942 qua
709 1861 744 1923 in
771 1860 868 1925 vultu
898 1873 931 1924 et
953 1860 1062 1925 verbis
1114 1859 1219 1923 nostri
1241 1860 1374 1924 malitia.
1410 1860 1583 1926 Summam
1606 1882 1732 1943 quoque
1755 1861 1962 1946 prudentiam
1983 1871 2016 1927 et
2033 1882 2087 1928 ae-

89 1959 268 2033 appareent
300 1949 403 2012 fastus
436 1961 469 2011 et
501 1945 715 2011 confidentiae
747 1946 850 2028 signa.
898 1946 970 2012 Hoc
1003 1947 1062 2011 tibi
1115 1945 1271 2026 quitatem
1293 1943 1510 2010 adhibendam
1533 1967 1603 2011 esse
1625 1947 1773 2023 concedo,
1796 1968 1838 2012 ne
1860 1948 1938 2030 quid
1960 1949 2001 2013 de
2023 1947 2088 2014 fra·

87 2055 156 2100 non
179 2056 220 2099 ex
242 2033 340 2098 unius
362 2034 458 2096 amici
480 2032 544 2096 mei
565 2052 673 2109 sensu,
697 2040 733 2094 ut
753 2038 790 2095 tn
813 2032 996 2113 suspicatus
1018 2055 1062 2111 es,
1115 2028 1221 2095 tribus
1254 2040 1287 2094 et
1316 2033 1508 2115 symmystis
1537 2033 1573 2096 in
1594 2032 1715 2097 malam
1737 2044 1864 2115 partem
1883 2034 1994 2098 statim
2016 2056 2085 2100 cre·

88 2120 147 2187 sed
176 2141 217 2185 ex
242 2118 406 2184 communi
436 2118 612 2181 multorum
636 2116 754 2181 iudicio
781 2117 984 2182 familiariter
1006 2117 1061 2182 de·
1115 2114 1220 2180 datur.
1255 2115 1322 2181 Sed
1344 2115 1477 2181 modum
1498 2117 1675 2182 tenendum
1699 2137 1824 2194 consec,
1847 2140 1889 2183 ne
1910 2120 2085 2202 syncretis·

87 2209 224 2272 nuncio:
247 2204 332 2287 apud
358 2224 437 2284 quos
459 2201 551 2266 doleo
575 2202 694 2266 minori
710 2203 746 2265 in
770 2202 873 2285 pretio
896 2224 966 2268 esse
988 2212 1062 2267 tuas
1116 2222 1187 2265 mus
1209 2212 1328 2277 noster,
1347 2224 1444 2285 quem
1454 2213 1621 2285 tantopere
1643 2202 1860 2279 commendas,
1883 2204 2088 2270 adferenda

87 2294 239 2367 virtutes,
262 2311 342 2372 quas
366 2290 438 2353 istis
459 2288 596 2353 maculis
616 2288 705 2352 infici
727 2297 855 2369 putant.
890 2288 960 2352 Iam
985 2310 1062 2353 vero
1115 2287 1195 2350 vitia
1217 2298 1347 2368 spectet.
1382 2287 1494 2370 Neque
1512 2288 1590 2353 satis
1608 2309 1761 2370 assequor
1778 2290 1913 2366 interea,
1931 2310 2086 2372 quorsum

88 2391 127 2443 ut
149 2377 285 2441 alteram
306 2374 578 2456 notameffugias,
596 2373 671 2455 quia
684 2373 823 2438 invaluit
845 2374 956 2455 opinio
978 2373 1062 2437 mul·
1115 2372 1212 2436 toties
1230 2384 1357 2454 repetas
1376 2394 1417 2437 ne
1435 2384 1557 2437 temere
1580 2373 1770 2439 nouaclum
1790 2374 1829 2438 de
1849 2388 1889 2452 te,
1914 2373 2086 2439 sedetiam

87 2477 260 2544 torumque
283 2463 406 2526 animos
429 2472 573 2540 occupat,
592 2459 698 2523 aliena
721 2459 851 2542 negotia
873 2470 904 2523 te
926 2480 993 2540 non
1011 2482 1062 2524 so·
1116 2457 1155 2521 de
1177 2458 1250 2523 aliis
1272 2458 1349 2539 quid
1368 2458 1513 2524 credam:
1526 2459 1630 2524 fateor
1651 2480 1704 2524 me
1726 2480 1797 2524 esse
1817 2461 1926 2524 minus
1947 2460 2086 2526 eircum-

86 2549 157 2614 lum
180 2547 341 2630 amplecti,
365 2546 421 2612 sed
439 2545 554 2627 cupide
566 2565 739 2620 accersere,
762 2545 890 2626 reipsa
912 2545 1063 2611 ostendes
1115 2553 1260 2627 spectum
1279 2565 1376 2625 quam
1399 2543 1535 2623 deceret,
1562 2544 1618 2609 sed
1641 2566 1698 2609 cur
1716 2566 1768 2610 me
1789 2544 1933 2610 levitatis
1950 2546 2086 2610 insimu-

86 2634 173 2700 nihil
197 2634 255 2698 tibi
277 2653 347 2697 esse
366 2631 548 2713 optabilius,
572 2650 666 2712 quam
696 2632 785 2695 intra
806 2630 904 2694 officii
926 2630 973 2694 tui
994 2653 1062 2695 me·
1113 2628 1161 2694 les
1186 2631 1303 2695 neseio.
1348 2629 1444 2695 Adde
1469 2630 1553 2712 quod
1583 2651 1648 2694 non
1679 2631 1788 2694 minus
1817 2632 1961 2713 praecise
1983 2630 2086 2697 dictas

87 2733 139 2786 tas
161 2717 320 2785 incedere.
366 2718 463 2801 Cogit
480 2737 540 2780 nos
561 2737 657 2798 saepe
679 2715 848 2780 hominum
871 2716 1062 2796 importuni·
1113 2714 1192 2797 quid
1223 2715 1346 2779 sentire
1379 2713 1522 2794 debeam,
1555 2735 1652 2798 quam
1687 2717 1713 2779 si
1748 2724 1803 2781 tuo
1830 2719 1929 2782 unius
1949 2717 2085 2780 arbitrio

88 2818 139 2872 tas
163 2805 293 2887 longius
315 2802 466 2886 progredi
489 2823 586 2884 qnam
604 2801 764 2866 vellemus
787 2814 896 2882 (atque
919 2801 980 2865 hoo
1002 2823 1061 2884 ego
1113 2799 1269 2866 standum
1290 2802 1381 2865 foret.
1415 2800 1500 2865 Nam
1519 2799 1559 2865 de
1581 2799 1677 2866 rebus
1694 2801 1868 2884 incognitis
1889 2803 2087 2867 sententiam

88 2892 229 2956 nimium
252 2891 417 2971 experior)
442 2910 501 2952 nee
528 2909 607 2952 vero
628 2887 702 2950 fieri
724 2885 819 2951 aliter
841 2896 959 2967 potest,
982 2889 1061 2969 quin
1114 2888 1291 2968 proferens,
1324 2907 1375 2950 me
1409 2886 1503 2951 aliter
1535 2888 1656 2952 sentire
1689 2894 1790 2952 vetas.
1831 2886 1872 2950 In
1902 2887 2087 2971 Anglorum

88 2977 203 3041 multis
230 2975 415 3039 turbinibus
444 2975 603 3039 involvar.
649 2970 717 3036 Sed
735 2971 830 3054 aequi
851 2970 972 3036 iudices
995 2994 1060 3036 non
1112 2971 1337 3037 controversia
1352 2972 1375 3056 ¹)
1403 2972 1658 3036 moderationem
1688 2973 1789 3049 tenui,
1819 2973 1912 3037 cuius
1944 2994 1997 3038 me
2018 2994 2086 3038 non

90 3063 239 3128 tribuunt
261 3061 340 3124 vitio
373 3061 548 3134 molestias,
574 3057 717 3139 adquae
735 3078 788 3122 me
811 3056 951 3120 invitum
975 3057 1060 3121 trahi
1113 3058 1270 3139 poenitet:
1301 3058 1328 3121 si
1357 3057 1397 3121 N.
1428 3067 1540 3122 nostro
1569 3059 1820 3132 succensuerim,
1851 3057 1931 3121 mihi
1959 3067 2086 3123 constat

88 3163 225 3217 constat.
269 3148 337 3213 Nee
360 3166 437 3211 vero
458 3145 577 3209 mirum
596 3144 655 3208 tibi
679 3143 782 3207 videri
804 3141 908 3219 debet,
932 3143 961 3207 si
983 3164 1059 3225 que·
1112 3143 1236 3226 optima
1258 3143 1354 3207 ratio:
1378 3164 1476 3224 quam
1499 3141 1759 3207 sanisiudioibus
1782 3142 1871 3207 haud
1893 3142 1989 3208 dubie
2011 3164 2085 3226 pro·

87 3245 208 3300 rnntur
229 3234 304 3298 boni
322 3231 464 3315 quidam,
487 3242 520 3294 te
537 3231 711 3312 imperiose
734 3229 838 3312 magis
859 3248 956 3310 quam
978 3230 1060 3292 iuste
1113 3227 1203 3292 babo.
1247 3228 1293 3292 Et
1315 3242 1425 3292 tamen
1447 3227 1536 3292 illam
1557 3228 1817 3311 indignationem
1840 3230 1985 3293 sincerus
2007 3249 2087 3312 erga

88 3320 323 3388 confessionem
357 3319 487 3400 exigere
519 3337 538 3380 a
570 3316 645 3380 fidei
677 3315 832 3397 probatae
866 3314 1060 3378 hominibus.
1113 3335 1186 3377 eum
1217 3334 1358 3394 vereque
1391 3317 1554 3377 fraternus
1587 3334 1678 3378 amor
1712 3313 1871 3395 expressit
1897 3313 1987 3389 mihi,
2010 3316 2086 3395 quia

88 3406 128 3473 Si
151 3408 222 3488 quis
244 3402 379 3469 eandem
401 3403 459 3466 tibi
490 3402 596 3484 legem
626 3402 781 3482 imponat,
803 3421 904 3482 negas
926 3409 959 3463 te
982 3399 1060 3464 due·
1112 3400 1220 3483 ipsum
1243 3399 1304 3462 sibi
1328 3399 1475 3464 nocuisse
1498 3420 1564 3463 non
1587 3420 1680 3466 secus
1701 3398 1858 3476 dolebam,
1880 3419 1979 3480 quam
2000 3399 2085 3464 siin

88 3504 202 3556 turum
235 3511 292 3572 pro
321 3490 449 3553 iniuria.
493 3488 540 3553 Ut
573 3488 619 3550 ita
651 3488 702 3562 sit,
732 3484 816 3568 quod
846 3497 955 3550 tamen
979 3485 1059 3548 mihi
1113 3507 1164 3548 me
1192 3482 1352 3549 recideret
1384 3483 1560 3549 calamitas.
1606 3485 1655 3550 Ao
1685 3504 1772 3548 nunc
1805 3492 2006 3566 quantopere
2031 3505 2084 3549 me

89 3577 237 3642 nondum
254 3573 439 3659 persuades,
462 3594 521 3656 ego
545 3572 623 3636 mihi
637 3572 731 3635 aliter
753 3571 876 3635 sentire
898 3573 1058 3652 permitto.
1112 3571 1278 3635 excruciet
1295 3569 1408 3633 infelix
1432 3590 1529 3652 quem
1540 3591 1668 3652 semper
1692 3569 1786 3633 timui
1808 3581 1953 3646 eventus,
1975 3569 2085 3634 verbis

88 3663 175 3728 Nam
209 3675 246 3725 ut
276 3660 340 3724 alia
372 3673 505 3738 taceam,
534 3659 595 3722 hou
622 3657 708 3720 inter
736 3656 888 3721 ecelesias
910 3666 1059 3720 mutuum
1113 3655 1277 3737 explicare
1301 3656 1383 3719 nihil
1406 3656 1533 3720 attinet.
1577 3655 1669 3719 Haec
1699 3676 1772 3719 mea
1793 3655 1926 3720 libertas
1948 3656 1994 3720 sic
2015 3656 2085 3719 ani-

88 3750 140 3814 ius
164 3749 273 3830 vigere
296 3745 400 3821 debet,
429 3756 465 3808 ut
493 3747 527 3808 in
549 3742 714 3826 probando
738 3763 836 3824 grege
859 3743 961 3806 altera
978 3741 1059 3805 alte·
1113 3761 1201 3805 mum
1234 3754 1327 3805 tuum
1361 3752 1485 3823 pungat
1516 3740 1621 3818 velim,
1656 3748 1693 3804 ut
1725 3754 1832 3804 tamen
1862 3762 1926 3805 non
1957 3739 2085 3805 dubites

87 3835 159 3899 rius
180 3833 296 3898 iudicio
320 3832 509 3913 acquiescat.
551 3830 594 3893 Et
616 3839 702 3892 certo
726 3828 755 3891 si
777 3836 832 3890 tuo
855 3827 923 3891 loeo
945 3849 1059 3904 essem,
1112 3825 1268 3908 quidquid
1289 3826 1402 3909 scripsi
1424 3847 1444 3890 a
1466 3847 1544 3890 vero
1566 3845 1676 3890 amore
1698 3827 1879 3908 profectum
1896 3846 1977 3890 esse.
2010 3824 2084 3890 Uti·

88 3941 157 3984 non
190 3920 261 3984 sine
294 3916 411 3982 rubere
440 3915 586 3980 audirem
620 3913 676 3995 qui
709 3912 750 3977 ad
778 3934 917 3977 examen
939 3934 1058 3977 novum
1112 3933 1187 3975 nam
1215 3932 1364 3976 sermono
1397 3911 1503 3993 potius
1536 3932 1644 3975 coram
1675 3910 1810 3975 daretur
1838 3931 1936 3993 quam
1962 3910 2081 3975 literis:

88 4016 297 4082 vocarentur,
326 4003 478 4085 probatos
499 4002 565 4064 iam
588 3999 689 4063 fuisse
712 3999 746 4062 in
768 4017 806 4062 eo
829 3999 897 4062 loco
916 3999 969 4063 nbi
992 3998 1058 4063 sin·
1112 3997 1168 4060 sed
1191 3997 1287 4061 multi
1308 3997 1392 4061 clavi
1409 3995 1551 4062 trabales
1572 3996 1648 4060 huic
1669 4017 1721 4061 me
1742 3996 1810 4059 loco
1833 3997 1929 4060 nimis
1947 3995 2081 4059 affixum

86 4112 164 4156 oera
185 4091 289 4173 pietas
310 4089 436 4154 colitur.
480 4086 571 4151 Haec
594 4107 653 4167 ego
677 4083 880 4148 familiariter
903 4083 987 4165 apud
1010 4093 1058 4147 te:
1111 4092 1231 4146 tenent.
1267 4081 1438 4147 Caeterum
1457 4103 1520 4146 non
1543 4080 1630 4146 aliud
1653 4080 1734 4145 mihi
1746 4080 1947 4164 propositum
1969 4099 2084 4163 aspere

86 4196 196 4259 neque
228 4176 316 4240 enim
346 4195 397 4237 me
430 4170 505 4236 alibi
535 4172 700 4255 exagitare
721 4168 841 4235 audies.
886 4169 1060 4234 Caeterum
1111 4167 1273 4233 scribendi
1302 4168 1372 4242 fuit,
1401 4168 1464 4231 uisi
1494 4176 1531 4230 ut
1559 4168 1686 4249 integra
1711 4166 1799 4230 fama
1819 4167 1960 4233 Domino
1982 4163 2087 4231 solide

86 4283 128 4327 ea
153 4276 260 4328 tacere
288 4280 371 4342 quae
406 4258 506 4340 vulgo
539 4266 745 4338 sparguntur,
782 4258 958 4338 ingenuum
993 4274 1060 4318 non
1111 4254 1243 4318 servias.
1282 4259 1368 4316 1556.

86 4362 183 4414 esset.
229 4347 304 4411 Non
327 4344 397 4410 dieo
422 4341 508 4426 apud
531 4363 590 4406 nos
615 4341 756 4423 vulgari:
775 4341 852 4423 quia
873 4341 1060 4423 paucissimi
1113 4378 1116 4383 ·
1144 4379 1168 4382 ν·
1190 4379 1194 4383 «
1214 4377 1312 4382 ψ-

81 4443 164 4501 sunt
183 4434 242 4516 qui
273 4444 305 4494 te
327 4438 504 4494 noverunt:
539 4436 571 4491 et
593 4425 761 4492 studemus
783 4436 892 4491 vestro
914 4426 1061 4508 exemplo
1113 4440 1202 4494 aete.
1216 4442 1243 4505 1)
1262 4440 1338 4494 Num
1355 4440 1421 4494 tace
1438 4438 1475 4492 cd
1494 4437 1740 4502 Freneotartmeee
1756 4440 1912 4507 pertnent?

191 5301 306 5358 Caluini
322 5314 411 5368 opero.
445 5299 502 5354 Vol.
520 5295 600 5349 XVI.
