4754 5880
124 267 165 329 93
1007 269 1085 330 1556
1109 265 1262 331 APRIL.
2083 274 2124 334 at

211 456 284 538 Ago
317 452 377 518 tibi
411 453 562 536 ingentes
595 453 728 536 gratias,
761 451 814 518 vir
840 452 1035 531 doctissime,
1066 464 1099 518 et
1150 475 1312 538 quoquam
1331 462 1556 536 praeterquam
1576 476 1596 518 a
1613 454 1655 519 D.
1677 453 1832 536 (hispiao.
1864 454 2019 520 Nondum
2037 478 2124 523 emm

122 561 183 624 pro
215 538 326 605 libello
358 539 394 603 in
423 537 654 621 Westphalum
688 538 794 604 denuo
824 539 944 622 scripto
977 549 1011 605 et
1039 562 1098 624 pro
1149 542 1362 624 magistratus
1380 560 1399 602 a
1418 539 1511 604 nobis
1530 542 1775 622 responsionem
1793 541 1832 605 ad
1857 541 2012 606 traditam
2031 543 2123 611 nobis

121 625 229 691 literis
251 626 317 690 tuis
336 625 559 689 amantissimo
577 623 619 689 ad
637 645 689 688 me
708 625 847 707 scriptis,
862 629 885 699 ¹)
906 636 976 689 tum
997 626 1097 690 etiam
1149 647 1220 691 eam
1243 627 1348 708 ipsam
1368 624 1487 692 Bueeri
1509 626 1713 691 concordiam
1731 627 1919 708 postulavit,
1942 649 2039 710 quam
2062 651 2121 696 nos

122 711 209 795 quod
242 711 346 775 nostri
378 711 413 774 in
445 720 502 774 tuo
535 709 645 775 libello
678 710 725 775 ita
754 710 951 775 memineris.
995 711 1098 777 Nobis
1149 721 1259 777 tamen
1289 720 1435 794 paratam
1465 711 1633 789 habemus,
1666 714 1693 777 si
1726 714 1810 777 forte
1842 714 2032 794 postuletur.
2076 717 2122 780 Et

121 797 177 863 hic
199 818 274 862 cum
296 796 395 861 huius
413 795 504 859 urbis
522 796 682 861 ministris
704 795 791 870 (sine
812 802 1004 880 congressu)
1027 819 1096 862 cer·
1149 807 1301 880 putamus
1324 798 1457 862 omnino
1479 796 1708 879 postulandam
1732 819 1810 862 esse.
1845 798 1931 862 Nam
1949 810 2027 864 suut
2049 801 2122 884 plu·

122 881 1097 963 5155515151)55555551555551511551511115,5119515155
1148 885 1230 947 rimi.
1252 885 1287 946 in
1310 885 1504 966 magistratu
1532 885 1588 965 qui
1617 885 1722 948 fontes
1748 885 1838 967 ipsos
1867 886 1967 948 totius
1993 897 2121 952 contro·

163 970 238 1034 atia.
282 969 512 1052 Magistratum
541 988 607 1031 non
636 966 793 1032 habemus
821 969 968 1050 iniquum
991 979 1024 1032 et
1046 970 1096 1032 in·
1149 971 1273 1033 versiae
1296 970 1433 1051 cupiunt
1455 970 1606 1034 omnibus
1629 963 1724 1051 quam
1748 970 1932 1035 notissimos
1955 991 2034 1036 esse.

144 1055 192 1120 ies
220 1053 330 1137 plures
353 1063 483 1118 nostrae
511 1053 693 1117 sententiae
716 1052 883 1118 accedunt.
929 1054 1096 1119 imovero
1234 1053 1384 1119 Saxones
1413 1054 1566 1119 dicuntur
1594 1054 1747 1120 habuisse
1769 1056 1932 1138 quandam
1959 1057 2122 1139 synodum

121 1141 222 1205 etiam
251 1138 354 1204 indies
374 1139 480 1221 magis
509 1159 546 1204 ao
569 1140 674 1222 magis
701 1140 786 1203 fiunt
815 1139 914 1205 invisi
934 1140 1095 1217 omnibus,
1149 1162 1213 1204 non
1236 1140 1348 1222 procul
1367 1162 1386 1204 a
1404 1140 1620 1223 Witteberga,
1634 1145 1659 1215 ⁵)
1681 1142 1733 1206 oui
1756 1150 1789 1206 et
1809 1140 1980 1222 Philippus
2003 1142 2121 1209 dicitur

120 1225 207 1308 quod
230 1234 340 1290 tamen
359 1223 514 1299 dolemus,
544 1224 598 1306 qui
620 1246 680 1289 uos
702 1235 831 1307 praeter
854 1236 1002 1290 nostrum
1025 1247 1096 1290 me·
1148 1226 1299 1291 adfuisse.
1333 1223 1400 1290 Sed
1418 1224 1495 1308 quid
1517 1225 1584 1291 illic
1606 1229 1649 1290 sit
1667 1238 1775 1291 aetum
1794 1226 1941 1291 nondum
1960 1231 2119 1295 novimus.

119 1314 222 1376 ritum
251 1311 375 1375 invidia
403 1310 489 1393 apud
512 1332 624 1375 omnes
652 1331 789 1394 gravare
811 1311 997 1376 voluerunt.
1042 1313 1095 1377 Ab
1147 1313 1220 1396 Ego
1253 1311 1314 1377 hoc
1346 1332 1407 1394 ago
1441 1322 1477 1376 ut
1509 1313 1538 1376 si
1570 1310 1806 1377 instituendum
1841 1313 1884 1375 sit
1915 1314 2119 1397 colloquium,

118 1397 323 1462 instituendo
345 1396 504 1478 colloquio
520 1399 546 1472 ³)
569 1417 635 1460 non
653 1417 787 1479 prorsus
805 1407 883 1461 sunt
905 1397 1005 1461 alieni
1022 1398 1095 1480 qui·
1147 1396 1422 1480 quemadmodum
1440 1419 1544 1479 spero,
1565 1418 1623 1464 vos
1641 1419 1768 1481 quoque
1787 1400 1956 1475 vocemini,
1979 1400 2041 1464 hoc
2059 1410 2118 1479 est,

120 1483 197 1548 dam
219 1483 397 1567 principes:
422 1481 479 1548 sed
501 1484 637 1565 quisque
656 1482 728 1546 vult
751 1504 821 1548 esse
843 1483 1005 1548 secundus
1027 1505 1094 1549 uon
1147 1493 1199 1562 tu,
1230 1483 1359 1566 Μανίῳ
1381 1495 1414 1548 ot
1444 1484 1604 1566 Tigurini.
1649 1487 1758 1566 Atque
1791 1484 1830 1548 de
1864 1497 1895 1548 te
1927 1484 2057 1567 quidem
2087 1498 2120 1552 et

119 1581 230 1634 autem
255 1569 379 1652 primus
400 1567 489 1633 illius
511 1578 614 1633 autor.
651 1566 757 1649 Spero
780 1577 889 1634 tamen
910 1570 975 1633 iem
996 1571 1094 1633 etiam
1148 1567 1289 1652 Martyre
1310 1570 1394 1633 nihil
1416 1568 1544 1634 dubito:
1573 1570 1631 1634 sed
1653 1582 1763 1635 metuo
1786 1591 1826 1633 ne
1849 1570 1998 1653 Tigurini
2020 1595 2120 1638 exeu-

118 1655 289 1720 habituros
307 1676 377 1719 esse
396 1655 451 1737 qui
469 1655 595 1736 primus
618 1674 689 1718 esse
707 1674 775 1718 non
793 1664 921 1720 recuset
939 1677 997 1738 per
1019 1677 1093 1739 gre·
1146 1665 1234 1731 sent,
1269 1655 1354 1738 quod
1386 1655 1531 1738 profecto
1564 1655 1674 1719 nolim.
1719 1655 1844 1736 Scripsi
1875 1678 1913 1720 ea
1943 1656 1982 1721 de
2012 1678 2047 1722 re
2078 1658 2120 1724 ad

118 1740 200 1806 tiam
224 1741 295 1805 Dei.
333 1739 408 1821 Qua
431 1739 471 1804 de
494 1762 528 1803 re
554 1737 723 1821 Crispinus
745 1739 848 1823 plura.
1146 1740 1368 1824 Bullingeram
1387 1762 1445 1823 pro
1468 1762 1505 1805 eo
1528 1761 1565 1805 ac
1583 1761 1779 1823 uuncpassa
1801 1753 1849 1806 est
1862 1742 2017 1807 valetudo
2036 1765 2117 1809 mea.

205 1828 260 1892 Ex
282 1848 355 1890 mea
377 1827 484 1908 patria
505 1825 645 1890 necdum
666 1825 747 1889 mihi
770 1825 868 1889 rediit
890 1848 983 1890 meus
1007 1849 1092 1890 nun·
1146 1824 1213 1891 Sed
1235 1826 1369 1904 vellem,
1399 1840 1434 1891 tu
1464 1847 1590 1909 quoque
1619 1827 1768 1891 stimulos
1794 1826 1938 1892 adderes.
1983 1829 2116 1894 Faciam

119 1914 204 1991 cius,
236 1934 332 1995 quem
362 1919 474 1976 tamen
503 1911 538 1975 iu
564 1933 675 1975 omnes
704 1912 802 1975 horas
827 1922 988 1995 exspecto.
1026 1911 1092 1976 Sed
1146 1923 1178 1977 te
1200 1924 1309 1976 autem
1332 1934 1410 1976 mox
1432 1913 1619 1987 certiorem,
1650 1913 1749 1976 simul
1773 1924 1869 1995 atque
1893 1915 1971 1978 certi
1994 1914 2117 1996 aliquid

119 2021 161 2063 ex
184 1999 266 2076 aliis,
297 1999 352 2080 qui
380 1997 457 2062 inde
487 1996 551 2062 huo
574 1997 615 2060 ad
638 2007 818 2061 mercatum
841 2009 1010 2075 venerant,
1040 2020 1092 2064 ac·
1145 1997 1303 2063 habuero:
1327 1997 1413 2081 quod
1435 1997 1584 2080 equidem
1606 1999 1697 2063 brevi
1720 2000 1866 2063 futurum
1890 2020 1993 2081 spero.

118 2086 188 2168 cepi
211 2084 333 2148 multas
351 2092 456 2148 sectas
479 2103 516 2146 eo
539 2084 701 2148 confluere
723 2094 757 2148 et
775 2104 935 2166 quemque
953 2105 1012 2166 pro
1035 2106 1093 2148 suc
1231 2085 1282 2148 De
1306 2085 1410 2150 turbis
1432 2083 1485 2148 hic
1514 2085 1634 2149 nostris
1657 2106 1721 2149 non
1745 2099 1794 2150 est
1816 2086 1900 2166 quod
1922 2084 1963 2148 ad
1987 2099 2018 2149 te
2039 2089 2118 2151 scri-

118 2169 255 2235 arbitric
277 2170 448 2233 instituere
475 2170 508 2231 in
538 2190 599 2233 sue
622 2169 744 2233 ditione
765 2169 975 2235 eeclesiarum
998 2170 1092 2235 resti·
1146 2168 1228 2235 bam.
1275 2170 1316 2233 D.
1343 2170 1541 2251 85151551)
1571 2192 1636 2234 non
1664 2180 1732 2233 tam
1757 2183 1807 2235 est
1829 2172 1920 2235 nobis
1949 2171 2118 2237 familiaris

117 2257 286 2321 tutionem.
321 2254 481 2320 Libenter
509 2255 568 2317 tibi
591 2255 752 2319 missurus
782 2277 872 2320 eram
894 2277 976 2338 quae
998 2256 1092 2320 nobis
1145 2277 1243 2336 quam
1266 2276 1337 2320 esse
1359 2256 1454 2321 solet:
1479 2257 1573 2321 cuius
1595 2257 1728 2320 nomine
1750 2270 1838 2321 certe
1862 2257 1954 2321 doleo
1974 2258 2058 2337 quod
2082 2256 2118 2323 se

118 2343 354 2426 amagistratu
376 2342 510 2405 fuerunt
540 2342 717 2423 proposita,
748 2350 782 2405 et
806 2362 887 2424 quae
910 2363 971 2405 uos
994 2341 1092 2405 vicis·
1145 2342 1322 2424 tragoediis
1351 2363 1467 2424 parum
1496 2343 1686 2407 necessariis
1714 2353 1883 2426 tantopere
1909 2342 2116 2424 implicuerit.

117 2428 179 2492 sim
202 2427 444 2510 respondimus:
479 2435 549 2489 tum
583 2427 682 2490 etiam
716 2438 842 2492 nostras
872 2427 908 2490 in
936 2426 1093 2491 traditam
1145 2429 1388 2510 Ametinum)
1419 2429 1469 2491 sui
1499 2427 1615 2492 similis
1641 2448 1712 2491 esse
1741 2431 1878 2512 pergit:
1901 2429 2118 2510 Posteaquam

117 2515 194 2578 olim
225 2513 278 2578 hic
301 2513 461 2577 ministris
483 2510 610 2591 Baeeri,
641 2513 714 2595 piae
743 2512 929 2591 memoriae,
958 2533 1092 2578 concor·
1145 2512 1207 2578 sibi
1236 2533 1303 2576 non
1332 2514 1442 2578 omnia
1464 2535 1505 2577 ex
1528 2514 1692 2577 sententia
1713 2514 1804 2578 videt
1831 2512 1961 2591 cedere,
1992 2516 2117 2580 abitum

118 2598 205 2664 diam
230 2598 463 2671 adnotationes,
472 2599 499 2678 ⁴)
529 2598 563 2661 in
591 2618 655 2681 qua
683 2598 861 2681 impietatis
884 2607 917 2663 et
940 2599 1092 2680 blasphe-
1145 2598 1282 2663 adornat
1312 2621 1387 2664 cum
1419 2622 1476 2664 suo
1510 2598 1668 2664 sodalitio.
1711 2599 1849 2664 Interim
1880 2600 1940 2665 hoc
1961 2600 2117 2666 videntur

118 2686 201 2750 miae
229 2683 427 2749 damnantur
455 2685 510 2767 qui
538 2683 590 2748 vel
620 2694 746 2750 eertum
774 2685 916 2767 aliquem
945 2686 981 2748 in
1004 2684 1091 2749 coelo
1143 2685 1250 2748 moliri
1273 2685 1367 2748 utin
1390 2707 1448 2748 suc
1470 2685 1560 2749 abitu
1584 2684 1667 2748 nihil
1690 2705 1755 2749 non
1778 2694 1906 2750 tentent
1928 2706 1990 2768 quo
2013 2687 2116 2751 ecole-

117 2771 224 2837 locum
246 2771 374 2854 corpori
396 2770 520 2836 Christi
550 2771 727 2853 assignare,
756 2771 807 2837 vel
837 2770 1092 2835 immensitatem
1143 2771 1191 2833 sia
1222 2770 1296 2853 ipsa
1329 2771 1511 2853 dissipetur.
1566 2768 1633 2835 Sed
1665 2769 1829 2837 Dominus
1861 2780 1911 2836 est
1943 2773 2115 2854 potentior.

118 2855 282 2939 quandam
314 2856 457 2939 corporis
486 2877 527 2920 ex
556 2856 637 2920 reali
671 2865 769 2939 atque
802 2856 968 2921 essentiali
999 2856 1090 2920 illius
1142 2854 1214 2919 Iam
1236 2878 1340 2939 neque
1355 2856 1534 2940 Glcberpo*
1557 2878 1660 2938 neque
1683 2857 1741 2921 tibi
1764 2859 1864 2922 etiam
1886 2867 2034 2940 parcunt.
2063 2858 2117 2923 Ita

118 2965 175 3026 per
207 2963 327 3025 panem
361 2963 479 3007 coenae
511 2941 711 3005 exhibitione
739 2941 891 3026 colligere
920 2950 1088 3008 conantur.
1141 2941 1206 3006 illis
1228 2964 1323 3007 nemo
1346 2956 1395 3007 est
1418 2944 1530 3020 bonus,
1554 2943 1676 3007 scilicet
1694 2945 1748 3024 qui
1769 2943 1865 3007 modo
1886 2945 1925 3007 ab
1947 2944 2027 3025 ipsis
2050 2943 2115 3009 dis·

117 3027 169 3094 Ad
203 3027 288 3111 quod
317 3028 467 3111 equidem
502 3029 595 3093 nobis
628 3027 879 3110 haudquaquam
914 3029 1090 3092 conniven-
1141 3028 1270 3092 sentiat.
1306 3029 1468 3093 Dominus
1491 3031 1538 3092 eis
1559 3038 1671 3110 parcat
1693 3037 1726 3093 et
1747 3030 1901 3111 spiritum
1924 3029 2115 3110 resipiscen-

119 3115 193 3179 dum
224 3135 295 3179 esse
324 3114 593 3179 existimavimus.
639 3111 706 3178 Sed
734 3115 868 3179 morbus
896 3135 1003 3191 meus,
1034 3116 1089 3195 qui
1142 3114 1206 3178 tiae
1233 3113 1401 3197 largiatur.
1447 3114 1549 3198 Angli
1577 3114 1680 3178 multo
1709 3115 1775 3179 iam
1798 3116 1944 3179 mitiores
1971 3135 2042 3179 esse
2064 3117 2115 3180 vi-

118 3222 167 3266 me
197 3212 275 3265 ante
305 3199 373 3264 dies
402 3201 545 3282 quinque
577 3221 707 3264 rursum
741 3201 862 3264 invasit
884 3219 921 3264 ac
948 3197 1090 3264 necdum
1141 3196 1271 3263 dentur.
1286 3199 1311 3284 ⁸)
1355 3201 1427 3283 Ego
1450 3200 1510 3266 hoc
1533 3200 1618 3282 apud
1641 3221 1696 3264 ecs
1715 3199 1827 3265 laboro
1850 3213 1887 3263 ut
1909 3202 2014 3264 omnis
2036 3223 2115 3268 suae

118 3286 213 3368 plane
235 3285 375 3368 reliquit,
406 3284 531 3349 obstitit
555 3285 728 3367 quominus
751 3286 891 3351 exscribi
913 3285 1088 3367 potuerint.
1141 3287 1382 3351 controversiae
1404 3286 1527 3351 iudices
1545 3287 1744 3352 constituant
1767 3295 1799 3350 te
1822 3296 1855 3349 et
1876 3285 2003 3350 Petram
2021 3287 2114 3353 Mor·

117 3372 249 3455 Alioqui
282 3369 509 3435 adnotationes
542 3372 630 3453 ipsae
664 3370 810 3436 nondum
843 3384 922 3435 sunt
952 3373 1041 3436 visae
1070 3393 1090 3435 a
1141 3375 1252 3452 lyrcm:
1276 3393 1504 3454 speraremque
1526 3373 1558 3436 id
1577 3393 1628 3436 me
1650 3373 1826 3455 impetrare
1845 3394 1948 3455 posse,
1972 3374 2000 3436 si
2019 3375 2115 3440 modo

1141 3458 1197 3539 qui
1220 3457 1306 3538 apud
1330 3480 1388 3523 vos
1411 3467 1489 3522 sunt
1507 3458 1607 3541 Angli
1630 3459 1711 3522 mihi
1733 3458 1879 3522 indicent
1900 3459 1961 3523 sibi
1983 3457 2017 3522 id
2039 3483 2115 3543 gra-

123 3564 317 3574 ·--··
1141 3553 1212 3606 tum
1232 3543 1308 3607 fore.
1353 3544 1479 3607 Nollem
1504 3546 1591 3608 enim
1619 3544 1651 3608 id
1680 3555 1807 3608 tentare
1830 3544 1892 3609 nisi
1916 3546 2021 3609 factus
2043 3568 2112 3612 eer-

118 3680 246 3745 mul)
265 3679 312 3733 m
330 3678 485 3747 capacite
1140 3629 1203 3691 tior
1234 3628 1273 3693 de
1301 3630 1447 3712 ipsorum
1471 3629 1646 3694 voluntate.
1692 3628 1744 3693 Ad
1776 3651 1856 3712 quos
1886 3644 1997 3695 tamen
2025 3653 2113 3698 nunc

216 3749 246 3815 2)
266 3748 394 3801 Misictri
409 3748 555 3814 poscebant
573 3753 604 3801 at
620 3748 760 3816 peregrini
781 3747 955 3802 concordiam
973 3746 1088 3800 51542
1139 3712 1279 3779 ⁸⁰flb⁰fe
1312 3737 1378 3779 ¹1⁰¹]
1417 3737 1551 3798 P⁰⁸⁸¹1¹11
1585 3725 1717 3815 ΡζθΡῖθῖ
1738 3714 1972 3815 ‘valetudinem
2004 3737 2112 3816 ΜΨ

114 3818 215 3884 suanm
232 3820 389 3885 reciperent,
412 3817 514 3870 cultam
536 3832 616 3870 saum
635 3817 673 3869 cd
694 3830 819 3869 noreiam
837 3816 1088 3882 Francofordeaaia
1139 3819 1256 3881 parum
1282 3799 1388 3866 adhuc
1410 3802 1549 3878 firmam,
1579 3811 1707 3867 etlamsl
1735 3801 1784 3864 llll
1811 3799 1853 3864 ad
1875 3823 1927 3867 me
1956 3811 2113 3868 amanite-

116 3887 287 3941 scewanc
309 3892 334 3939 ct
353 3885 475 3950 insama
496 3884 551 3940 014
575 3885 756 3953 Mamm&
772 3886 919 3939 11011οθ01·
956 3885 1010 3952 (Of.
1032 3886 1087 3952 Er·
1139 3887 1220 3950 sime
1242 3890 1457 3968 scripserunt:
1480 3908 1543 3969 quo
1561 3888 1694 3952 nomine
1711 3886 1776 3950 illis
1798 3888 1921 3969 gratias
1939 3907 2008 3970 ago.
2045 3886 2113 3953 Sed

116 3953 904 4091 1Μ1115111181151011151118115115111181111111110111111
923 3954 1089 4088 ὶθαῦἓὶῗ
1139 3972 1722 4069 Ι15515111111551111111555111511555.
1756 3972 1840 4036 Nam
1860 3972 1922 4036 hoc
1940 3975 1997 4036 toti
2021 3978 2113 4056 genti

115 4097 142 4149 ia
197 4135 203 4146 .
243 4091 339 4155 .105.)
369 4091 427 4146 Prc
443 4096 561 4157 tempore
578 4094 756 4159 5159555155
771 4091 907 4145 nihildum
926 4092 1088 4146 55555551.
1137 4078 1284 4138 1115οΓ11111
1323 4057 1542 4157 honorificum
1567 4059 1649 4158 ¹fore
1689 4068 1855 4157 putarem,
1872 4144 1877 4156 Ι
1896 4071 1933 4157 ut
1967 4080 2002 4157 re
2030 4069 2113 4157 ⁸tota

216 4110 336 4227 511005
353 4161 463 4214 omnino
476 4160 514 4216 N.
524 4159 595 4214 2420
606 4168 630 4213 et
647 4177 716 4230 quae
733 4161 773 4214 ibi
788 4160 990 4214 enecavimus.
1020 4160 1087 4227 Qut·
1139 4152 1250 4207 vestro
1283 4165 1443 4225 permissa
1477 4144 1595 4209 rudrcro
1629 4167 1664 4208 rn
1696 4154 1834 4227 gratiam
1869 4165 1932 4225 ipsi
1970 4167 2111 4211 rnvrcem

115 4234 162 4287 bac
179 4233 235 4286 iam
252 4231 319 4284 buce
335 4230 480 4284 addimus.-
497 4230 630 4283 Bromius
646 4228 685 4283 cd
697 4229 769 4283 Patr.
786 4229 974 4284 Bracaebium
992 4230 1085 4284 biblio·
1138 4229 1291 4294 redirent,

114 4303 202 4369 polam
221 4299 355 4365 Francos.
375 4301 470 4353 scribit
488 4297 585 4366 Stulta.
603 4299 677 4365 prid.
694 4298 806 4351 15151.
828 4297 907 4352 1556.Ι
926 4299 1020 4352 Saluta
1037 4315 1085 4351 no·

114 4372 182 4424 nine
207 4385 270 4422 meo
288 4369 319 4420 D.
338 4367 372 4420 H.
391 4369 472 4421 Beier
499 4378 526 4421 et
554 4368 636 4420 dicito
664 4368 688 4420 ei
711 4368 743 4420 D.
762 4367 800 4422 Io.
823 4385 839 4419 a
863 4369 948 4420 Lusco
974 4368 1085 4435 petiisse

114 4438 298 4510 superioribus
322 4437 417 4489 diebus
435 4455 451 4489 a
469 4454 528 4489 meo
572 4437 675 4504 rinoipe
693 4444 724 4487 ut
746 4436 827 4489 liceat
844 4438 896 4490 sibi
915 4436 1032 4505 colloqui
1050 4437 1084 4488 de

115 4526 152 4590 15Ι
167 4507 378 4590 sacramentaria
399 4523 460 4559 cum
486 4454 706 4586 theolbgisnsuia.
743 4505 820 4569 Quod
838 4523 920 4573 quum
944 4506 969 4557 ei
993 4506 1027 4556 ab
1045 4506 1084 4557 ill.
1184 4574 1190 4584 ι
1239 4503 1269 4560 51
1291 4503 1397 4558 Rumor
1419 4504 1463 4557 tic
1486 4503 1599 4583 videtur
1616 4520 1704 4558 oscae
1717 4504 1820 4583 'fauce
1849 4505 1906 4556 aiei
1928 4505 1980 4557 bac
2004 4504 2111 4559 acam

114 4576 831 4712 dissertata..trististristis
851 4575 1085 4712 llrlss‘lbfflll
1137 4571 2110 4710 tatastat?<laltlltffttst.t‚”ttatl..,¹²s·..llaj

115 4732 202 4769 veram
221 4713 385 4767 sententiam
403 4712 437 4765 de
454 4712 545 4764 verbis
562 4729 661 4765 coense
678 4712 800 4779 inquirat
817 4720 845 4764 et
862 4719 1014 4781 cognoscat,
1035 4711 1084 4764 sed
1136 4711 1295 4770 Aurilabert
1320 4719 1349 4765 et
1372 4711 1454 4779 legati
1479 4710 1595 4763 Palatini
1625 4719 1652 4763 et
1674 4710 1943 4779 wurtembergonaes
1966 4711 2111 4766 Wimariae

114 4792 140 4837 ut
166 4783 302 4852 imperitia
325 4781 485 4851 persuadeat
510 4798 539 4833 sa
563 4791 590 4833 et
617 4798 691 4833 suam
719 4780 859 4833 eeclesiam
882 4798 936 4834 non
963 4796 1083 4850 pugnare
1135 4780 1300 4832 conveniunt
1317 4789 1345 4832 et
1363 4780 1512 4833 decernunt
1528 4780 1645 4831 firmiter
1662 4779 1808 4832 tenendam
1826 4780 1940 4833 liutheri
1958 4781 2109 4835 doctrinam

114 4869 169 4906 cnm
189 4856 234 4906 An
254 4893 259 4904 .
282 4851 457 4904 consessione.
492 4849 579 4903 Homo
606 4857 648 4903 est
674 4849 796 4903 eruditus
823 4857 851 4901 et
877 4850 970 4902 multis
995 4849 1083 4901 modis
1136 4849 1169 4900 de
1189 4849 1275 4901 libero
1293 4850 1408 4902 arbitrio
1427 4857 1454 4902 et
1472 4865 1556 4902 coena
1573 4864 1658 4902 anem.
1691 4848 2109 4904 V012.Fccr..·uel.1)resccm

113 4869 289 4986 venerandus,
315 4920 363 4972 sed
385 4919 511 4986 displicet
536 4918 602 4971 mihi
629 4920 656 4971 in
683 4935 747 4971 sene
773 4917 892 4970 studium
917 4919 953 4970 im
974 4925 1082 4970 caturae
1135 4923 1248 4970 vocatur
1271 4917 1307 4971 ad
1330 4918 1535 4971 deliberandum
1553 4935 1587 4969 an
1605 4917 1738 4972 condurat
1756 4926 1786 4970 nt
1808 4926 1871 4972 ante
1893 4919 2002 4972 comitia
2020 4919 2109 4975 Ratis-

114 4988 188 5044 bninc
213 4998 241 5042 et
268 4989 391 5056 intelligo
414 4988 480 5056 quid
503 4994 565 5052 agat
582 4993 629 5041 etc.
668 4986 811 5051 (Bertram
829 4985 895 5050 373,·
924 4935 1082 5053 Solamen
1135 4986 1263 5041 bonensia
1280 4986 1372 5039 thcclo
1393 4988 1399 4999 '
1418 4987 1579 5040 conveniant
1596 4987 1755 5041 concordiae
1773 4986 1910 5041 faciendae
1928 5004 2014 5042 cansa.

114 5059 165 5114 llrl.
182 5060 234 5113 der
252 5059 349 5111 wurtb.
367 5058 404 5110 K.
421 5074 446 5109 u.
464 5056 566 5111 Rata.
585 5054 658 5115 245.)
689 5056 767 5109 Adde
783 5055 857 5124 quod
874 5055 982 5110 Loacus
1000 5056 1082 5110 mullo
1237 5055 1266 5124 6)
1287 5055 1328 5117 Of.
1379 5054 1481 5109 ‚aaut
1500 5053 1578 5111 2405.

113 5133 216 5184 maiora
239 5133 441 5196 suspectaverat
463 5142 545 5196 55551
569 5125 682 5193 ciraplca
701 5124 862 5194 colloquium
880 5141 940 5180 cam
958 5123 1081 5180 Breatic.
1238 5123 1266 5190 7)
1284 5123 1322 5179 N.
1340 5122 1417 5178 2385.
1434 5123 1511 5178 aloa.

212 5201 244 5264 4)
264 5200 385 5251 Aetatem
403 5195 568 5256 contulisse
585 5193 720 5249 videntur.
1236 5192 1266 5260 8)
1286 5193 1402 5248 Miraris
1419 5210 1478 5247 cam
1496 5196 1615 5248 cauom
1632 5208 1688 5246 noa
1705 5193 1809 5248 babae.
