4688 5902
230 285 293 348 ua
985 273 1247 359 nrrsaoaau
1269 276 1480 338 seer-seca
1771 230 1779 256 '
2173 278 2241 339 420

232 470 304 536 sint
323 464 456 533 Oalend.
486 467 608 533 Febru.
631 465 748 549 legatis
777 465 845 529 suis
873 465 909 529 in
931 463 1096 529 mandatis
1118 464 1207 540 dent,
1259 461 1482 542 (Anagnphon'
1495 463 1585 515 exstat
1611 461 1640 542 {¹1
1664 460 2078 542 ⁰⁰⁶·00n⁰v;1⁰⁷⁸‚,f⁰l‚154
2100 478 2133 514 ⁰¹
2178 466 2241 518 arte

236 553 314 638 quid
337 574 436 636 porro
459 552 646 617 faciundum
663 548 822 616 viaeatur.
857 550 1123 701 signiensem
1142 569 1209 612 non
1258 530 1712 653 3³¹0⁰T¹gg¹⁰¹ffl¹¹¹⁸⁰⁰ssgt¹¹gssflff
1736 530 2239 654 Stgpggfflrvaffifflgagwgn·

231 637 341 737 Vidqu
374 638 569 704 ⁰0⁸⁸³nd¹¹m
603 659 623 701 a
651 656 686 701 ¹⁸⁰
713 637 850 736 lnoellla·
928 635 960 699 bi
989 656 1066 699 “³¹⁰
1096 632 1208 698 Badiffl
1259 616 1362 722 tiddeur
1375 616 1744 749 priefixitimddflpeaerdice
1761 678 1786 722 et
1803 617 2119 749 noausDemtioaqput
2133 617 2239 748 puniris

235 725 369 790 urblum
392 732 425 788 eb
445 743 603 807 pagorum
627 723 727 807 legfltl
756 732 989 800 convenerunt,
1018 730 1208 785 nostrorum
1258 737 1390 806 eouupebr
1408 736 1563 791 doctrinam
1580 754 1610 790 m
1628 735 1747 792 Polemo
1766 737 1972 805 amplexerunt.
2008 738 2107 792 Verere
2131 739 2240 806 anglica

235 811 336 894 legati
357 808 399 872 D.
422 809 550 875 Hediae
572 830 634 875 cos.
658 817 691 873 et
713 808 754 872 D.
778 806 955 890 Damyrias
976 806 1129 889 privatim
1152 827 1208 870 vo·
1566 806 1666 875 legitur
1684 806 1713 859 Τ·
1731 805 1780 859 111.
1801 824 1825 874 p·
1845 803 1919 873 317.)

236 903 352 960 earunt
384 894 509 979 legatos
538 894 614 958 Bas.
644 902 677 958 et
700 892 849 958 Schafllr.
884 914 920 957 ac
953 892 1209 975 interrogarunt,

235 979 313 1066 quid
339 980 464 1047 consilii
493 1000 512 1043 a
545 979 683 1044 dominis
711 979 779 1044 suis
808 977 967 1043 adferant.
1018 975 1209 1059 Responde·
1557 978 1609 1043 Ad
1632 978 1756 1043 nobiles
1779 978 1940 1043 Poloniae.
1984 1032 1989 1044 .

237 1075 326 1144 runt,
355 1087 390 1130 se
418 1065 601 1149 intelligere
628 1065 721 1142 velle,
753 1064 829 1147 quid
852 1063 1019 1147 Tigurinis
1047 1060 1210 1140 videatur,
1265 1145 1268 1151 .

237 1152 355 1234 alioqui
378 1173 413 1217 se
435 1151 519 1216 nihil
546 1151 581 1215 in
609 1150 774 1217 mandatis
803 1151 972 1232 accepisse.
1017 1149 1127 1213 Nostri
1151 1147 1208 1212 ad·
1345 1149 1382 1214 Si
1400 1149 1704 1216 mihiFrancofurti
1722 1149 1757 1212 in
1776 1150 1931 1214 nundinis
1950 1148 2201 1213 autumnalibus
2215 1150 2239 1227 ¹)

237 1238 346 1302 mirati
374 1258 577 1321 responsum,
610 1238 820 1302 subiecerunt
848 1236 910 1300 sibi
938 1235 1071 1299 omnino
1102 1233 1207 1299 videri
1261 1234 1406 1300 redditae
1435 1236 1574 1300 luissent
1596 1245 1723 1301 vestrae
1751 1235 1913 1313 literae,²)
1947 1257 2026 1317 quas
2059 1235 2093 1298 in
2125 1235 2239 1299 reditu

238 1323 319 1387 utile
341 1330 374 1388 et
395 1324 625 1402 necessarium,
648 1330 684 1386 ut
706 1332 856 1404 coeptum
877 1321 1044 1403 negotium
1066 1340 1134 1383 non
1157 1319 1210 1384 de-
1260 1321 1391 1386 demum
1414 1321 1529 1405 Tiguri
1560 1323 1678 1404 accepi,
1712 1322 1862 1404 generosi
1892 1333 1926 1384 et
1947 1320 2074 1385 nobiles
2098 1320 2239 1385 Domini

239 1416 367 1473 seratur
385 1417 443 1474 etc.
473 1408 535 1472 Isti
555 1408 719 1475 dixerunt.
738 1406 921 1472 sodomum
941 1406 1020 1471 haec
1038 1406 1207 1470 relaturos.
1260 1406 1394 1471 etmihi
1417 1429 1457 1471 ex
1476 1408 1585 1472 animo
1607 1407 1802 1472 observandi
1820 1407 1947 1484 fratres,
1976 1427 2042 1471 nou
2065 1406 2239 1488 hucusque

238 1493 353 1575 Itaque
375 1495 479 1558 nostri
500 1494 598 1558 etiam
621 1491 716 1557 hodie
739 1492 985 1575 responsionem
1007 1498 1207 1574 exspectant
1260 1513 1448 1574 responsum
1466 1492 1675 1558 distulissem.
1709 1493 1847 1557 Namex
1865 1492 1921 1556 illo
1939 1493 2086 1575 emporio
2105 1512 2239 1575 semper

154 1599 163 1621 “
238 1579 334 1643 Nune
357 1600 435 1644 vero
464 1600 484 1644 a
511 1578 691 1645 clarissimo
718 1579 789 1644 viro
811 1576 853 1641 D.
878 1577 982 1642 Hodie
1005 1577 1077 1643 Oos.
1101 1577 1208 1653 redeo,
1259 1579 1473 1661 oportunior
1492 1588 1542 1643 est
1565 1578 1725 1644 scribendi
1757 1577 1978 1656 commoditas,
2008 1587 2041 1642 et
2063 1588 2143 1642 tunc
2167 1579 2238 1642 fere

238 1665 294 1747 qui
316 1675 426 1748 sperat
448 1672 597 1731 senatum
620 1672 769 1729 nostrum
796 1662 903 1728 adhue
925 1663 965 1727 ab
987 1662 1053 1726 illis
1074 1683 1208 1745 respon·
1260 1600 1301 1728 ad
1329 1663 1562 1747 profectionem
1597 1664 1760 1729 accinctus
1794 1674 1864 1728 erat
1893 1663 2098 1728 venerandus
2130 1665 2239 1729 frater

238 1751 362 1816 sionem
392 1752 588 1816 habiturum.
639 1753 689 1816 Ac
722 1750 876 1832 quoniam
908 1748 972 1812 alia
1006 1748 1140 1813 comitia
1167 1747 1208 1812 ad
1259 1758 1370 1814 noster
1397 1751 1439 1814 D.
1463 1751 1602 1815 Ioannes
1629 1771 1650 1813 a
1673 1750 1781 1828 Lusco,
1795 1753 1820 1827 ³)
1850 1752 1905 1832 qui
1934 1771 1998 1813 non
2025 1749 2122 1813 modo
2151 1771 2238 1815 onus

236 1842 265 1900 4.
290 1837 414 1919 Aprilis
437 1835 563 1901 Badam
593 1846 671 1901 sunt
698 1834 832 1912 indicta,
865 1835 1035 1899 existimat
1062 1834 1117 1898 ille
1140 1855 1208 1897 am·
1259 1836 1321 1901 hoc
1349 1835 1489 1899 libenter
1517 1837 1713 1917 suscepisset
1735 1844 1844 1899 vestra
1874 1846 1906 1899 et
1934 1856 2007 1899 mea
2036 1855 2145 1911 causa,
2179 1834 2237 1901 sed

236 1922 421 2004 plissimum
455 1931 603 1988 senatum
627 1922 858 1986 Oenevensem
887 1928 963 1984 ante
992 1920 1048 1984 illa
1078 1920 1209 1985 comitia
1259 1920 1341 1984 mihi
1364 1924 1461 1985 etiam
1484 1922 1599 1985 fuisset
1619 1921 1829 1985 fidelissimus
1852 1923 2021 2002 interpres.
2068 1919 2238 2001 Quoniam

236 2018 361 2071 certum
403 2008 592 2074 habiturum
634 2005 757 2089 aliquid
790 2028 830 2071 ex
865 2005 969 2070 literis
1009 2015 1207 2070 nostrorum.
1259 2028 1338 2071 vero
1360 2007 1399 2072 ab
1423 2027 1461 2070 co
1484 2018 1629 2089 tempore
1652 2028 1748 2071 nemo
1771 2007 1899 2071 oblatus
1927 2015 1977 2070 est
2006 2008 2149 2071 nuncius
2181 2007 2237 2090 qui

235 2093 371 2158 Nostros
403 2095 490 2158 enim
524 2093 703 2157 arbitratur
731 2093 910 2174 scripturos
942 2092 1070 2155 senatui
1099 2100 1208 2156 vestro
1259 2092 1370 2156 literas
1392 2094 1559 2175 perferret,
1583 2114 1646 2156 non
1670 2094 1783 2175 putavi
1802 2114 1872 2157 esse
1884 2091 2116 2171 festinandum,
2140 2114 2236 2175 prae·

235 2177 312 2259 quid
341 2178 492 2243 videatur
523 2177 625 2243 tribus
653 2179 797 2243 urbibus.
843 2176 1018 2241 Praeterea
1046 2178 1143 2242 iussit
1165 2177 1207 2240 D.
1259 2179 1371 2242 sertim
1393 2199 1490 2261 quum
1511 2179 1661 2261 exlongo
1681 2180 1834 2262 temporis
1852 2180 1955 2260 spatio
1974 2177 2069 2242 facile
2092 2181 2236 2244 coniice-

235 2263 308 2328 Oos.
333 2264 582 2348 diligentissime
604 2274 636 2327 te
658 2263 844 2329 salutarem.
980 2330 985 2335 ἢ
1259 2285 1338 2341 rem,
1361 2284 1478 2346 operae
1500 2284 1591 2328 meae
1615 2286 1681 2328 non
1703 2286 1859 2348 magnum
1880 2264 1979 2328 fuisse
2001 2284 2108 2341 usum,
2133 2275 2169 2328 et
2192 2263 2235 2328 D.

324 2349 464 2430 Quando
482 2371 559 2414 vero
574 2350 704 2413 venturi
722 2350 824 2413 simus
836 2348 876 2412 ad
889 2370 957 2424 vos,
977 2347 1084 2412 nescio
1102 2347 1207 2429 plane.
1260 2349 1515 2427 Liamuuiuus‚⁴)
1544 2350 1723 2432 longiorem
1750 2350 1823 2415 istie
1845 2370 1970 2413 moram
1992 2369 2028 2413 se
2050 2370 2147 2430 posse
2171 2362 2237 2413 tra-

234 2433 357 2499 Omnia
378 2436 432 2498 hic
453 2436 573 2519 frigere
596 2436 702 2518 rigent
730 2445 763 2499 et
790 2434 919 2499 nivibus
942 2442 1026 2499 tecta
1056 2441 1142 2508 sunt,
1171 2442 1209 2496 ut
1260 2434 1338 2499 here
1350 2435 1535 2516 desperans,
1553 2438 1659 2517 potius
1678 2458 1736 2499 noe
1755 2436 1968 2517 suspenderet
1987 2438 2235 2516 exspectatione

234 2542 321 2585 nunc
344 2542 460 2603 parum
484 2521 635 2584 videatur
664 2521 870 2586 commodum
901 2520 1007 2601 aliquo
1035 2520 1205 2602 proficisci.
1259 2522 1311 2584 sui
1334 2519 1494 2586 adventus
1515 2542 1613 2603 quam
1642 2542 1698 2603 spe
1729 2521 1836 2604 aliqua
1867 2521 2032 2602 profectus
2059 2521 2173 2585 oblata
2195 2520 2236 2586 ad

235 2606 302 2669 Pro
331 2604 419 2670 Ossa
449 2616 505 2670 tuo
534 2606 721 2689 gratissimo
758 2606 838 2669 mihi
878 2626 1012 2669 munere
1046 2606 1207 2669 maximas
1259 2605 1500 2688 properandum
1522 2607 1650 2672 animos
1678 2608 1806 2673 faceret.
1840 2607 1912 2670 Etsi
1935 2617 2044 2669 autem
2067 2629 2108 2670 ex
2132 2607 2238 2672 literis

234 2691 293 2753 tibi
329 2712 389 2774 ago
426 2693 556 2774 gratias.
606 2690 787 2762 Ostendam
816 2691 908 2754 illum
933 2699 966 2754 et
994 2691 1033 2755 D.
1066 2689 1207 2770 Mortyri
1259 2692 1377 2756 vestris
1396 2692 1549 2776 colligere
1561 2703 1747 2776 promptum
1767 2701 1837 2756 erat
1855 2700 1985 2776 gratum
1997 2692 2092 2756 vobis
2109 2692 2235 2758 adven-

234 2787 355 2842 nostro.
400 2777 493 2841 Intra
515 2775 583 2842 dies
605 2800 636 2840 x.
659 2778 778 2842 allatae
807 2785 885 2841 sunt
912 2776 1024 2841 literae
1046 2796 1065 2838 a
1087 2774 1129 2839 D.
1153 2775 1207 2839 Io·
1259 2785 1331 2841 tum
1339 2778 1655 2860 meumfore,⁵lquia
1668 2789 1777 2842 temen
1791 2798 1856 2842 non
1870 2778 2063 2842 mediocrem
2077 2778 2237 2844 ecclesiae

234 2882 362 2926 annea
385 2863 484 2926 Lusco
505 2864 643 2945 scriptae
665 2862 932 2941 Vratislaviae,²)
954 2883 1035 2944 quas
1056 2862 1115 2925 tibi
1134 2882 1207 2925 ver·
1259 2863 1357 2928 huius
1379 2865 1537 2930 iacturam
1560 2885 1670 2930 secum
1693 2864 1838 2928 traheret
1859 2885 1951 2928 mcus
1973 2863 2147 2939 discessus,
2180 2886 2236 2929 ve-

233 2946 335 3011 botim
363 2946 502 3013 describi
529 2949 653 3025 curavi,
683 2951 777 3014 sicuti
798 2948 899 3013 vides.
945 2950 1013 3012 Nos
1043 2948 1095 3012 hic
1124 2946 1208 3010 nihil
1260 2950 1342 3014 ritus
1364 2971 1435 3014 sum
1455 2972 1495 3015 ne
1517 2959 1725 3032 praepostera
1747 2958 1833 3015 esset
1854 2948 1996 3013 hominis
2015 2970 2134 3031 parum
2158 2972 2236 3015 con-

234 3032 422 3098 dubitamus
453 3033 639 3116 Philippum
671 3056 713 3098 ex
747 3035 855 3099 animo
888 3054 1043 3116 quaerere
1076 3053 1205 3115 pacem:
1259 3033 1390 3099 siderati
1413 3045 1447 3100 et
1466 3037 1602 3100 nimium
1631 3034 1749 3101 fervidi
1777 3033 1933 3100 sedulitas
1960 3043 2036 3099 ante
2064 3047 2237 3100 maturum

232 3118 458 3184 intereavero
481 3120 631 3185 novimus
655 3119 736 3184 adeo
765 3121 882 3184 efferos
911 3141 982 3185 esse
1004 3127 1206 3185 caeterorum
1259 3129 1388 3203 tempus
1415 3141 1592 3187 accurrere.
1637 3120 1752 3203 Itaque
1775 3121 1908 3185 domum
1938 3141 2101 3197 reversus,
2132 3143 2237 3204 quum

233 3206 367 3283 animos,
391 3215 428 3270 ut
449 3204 528 3287 quid
550 3205 590 3270 de
611 3205 772 3288 colloquio
793 3227 925 3288 sperare
948 3205 1133 3283 debeamus,
1155 3205 1206 3289 ig·
1259 3208 1386 3271 senatui
1416 3207 1528 3272 literas
1558 3215 1683 3272 vestras
1714 3208 1880 3286 offerrem,
1914 3207 1991 3288 quia
2023 3228 2139 3271 omnes
2167 3209 2236 3272 fere

232 3311 393 3356 uoremue.
440 3289 572 3357 Scimus
598 3290 784 3373 Philippum
813 3312 888 3357 cum
909 3291 1059 3374 pauculis
1082 3289 1206 3372 aliquot
1259 3292 1369 3357 tristes
1393 3301 1488 3357 erant
1510 3301 1542 3357 et
1564 3293 1663 3371 anxii,
1687 3293 1785 3358 simul
1808 3292 1962 3357 admonui
1986 3291 2133 3357 nondum
2158 3314 2236 3358 eon·

232 3376 315 3440 nihil
344 3376 430 3459 apud
459 3377 538 3443 istos
568 3397 670 3459 posse.
714 3375 860 3442 Oramus
890 3386 1002 3442 tamen
1025 3377 1205 3441 Dominum
1258 3377 1433 3442 saltatione
1455 3399 1526 3443 esse
1547 3399 1637 3460 epus,
1660 3400 1761 3461 quum
1784 3380 1926 3461 quinque
1943 3378 2073 3442 menses
2092 3381 2150 3461 qui
2169 3381 2237 3444 iam

232 3472 271 3525 ut
293 3461 353 3527 hoc
374 3464 552 3545 negotium,
582 3463 622 3526 de
644 3482 708 3545 quo
730 3459 810 3527 alias
830 3461 1020 3546 diligentius
1041 3462 1206 3527 consrdta-
1257 3471 1332 3545 post
1354 3464 1491 3546 scriptas
1512 3463 1625 3528 literas
1655 3466 1850 3528 effluxerant
1871 3463 1994 3544 aliquid
2017 3465 2101 3528 forte
2124 3477 2237 3530 muta·

232 3545 351 3624 bimus,
383 3545 425 3611 ad
453 3548 592 3632 gloriam
613 3549 755 3613 nominis
785 3548 836 3612 sui
858 3549 985 3629 dirigat.
1030 3548 1124 3625 Vale,
1154 3569 1205 3613 co·
1258 3549 1356 3614 tionis
1378 3549 1573 3614 attulissent.
1621 3551 1748 3614 Anxius
1776 3549 1874 3615 luisse
1905 3548 1985 3625 dico,
2015 3551 2094 3631 quia
2122 3572 2233 3634 neque

231 3630 420 3697 lendissime
442 3633 488 3697 mi
506 3633 636 3698 domine
653 3641 686 3698 et
708 3635 810 3697 frater
827 3634 862 3698 in
873 3634 1006 3698 Christo
1029 3634 1204 3699 cariseime.
1257 3633 1397 3714 libenter
1426 3634 1602 3717 quidquam
1624 3636 1715 3700 vobis
1743 3642 1928 3719 negassent,
1958 3635 2078 3717 quibus
2106 3638 2235 3718 optime

230 3717 346 3782 Nostri
369 3727 402 3781 te
424 3739 461 3782 ae
491 3728 566 3783 tuos
595 3740 707 3785 omnes
734 3721 928 3786 amicissime
955 3718 1108 3784 salutant.
1154 3720 1205 3783 Tu
1258 3721 1441 3785 consultum
1471 3741 1542 3786 esse
1564 3732 1597 3786 et
1619 3741 1677 3803 pro
1705 3742 1764 3786 sua
1786 3741 1912 3804 quoque
1935 3720 2022 3784 virili
2051 3721 2237 3805 gratificari

234 3803 341 3868 saluta
363 3802 458 3868 nobis
476 3815 675 3889 symmystas
705 3818 739 3870 et
761 3807 882 3870 amicos
904 3813 1043 3870 nostros.
1088 3804 1205 3888 'ligari
1257 3806 1401 3888 cupiunt,
1420 3814 1453 3870 et
1464 3815 1574 3871 tamen
1585 3827 1639 3870 me
1651 3805 1815 3871 dimittere
1826 3806 1941 3871 fuisset
1951 3806 2236 3873 molestissimum.

232 3891 285 3952 25.
310 3889 483 3954 Februarii
510 3895 599 3955 1557.
1257 3891 1352 3956 Nunc
1376 3891 1505 3973 quando
1526 3893 1798 3976 praestantissimi
1820 3892 1883 3956 viri
1912 3899 1944 3956 et
1972 3891 2079 3957 fidelis
2104 3891 2238 3958 Ohristi

705 3977 796 4041 Tuus
819 3999 859 4042 ex
882 3978 991 4041 animo
1013 3977 1056 4040 H.
1079 3976 1118 4040 Β.
1258 3977 1401 4041 ministri
1430 3977 1471 4040 D.
1501 3975 1635 4043 Ioannis
1667 3999 1688 4041 a
1719 3978 1818 4042 Lusco
1850 3998 1948 4059 opera
1976 3977 2041 4041 frui
2072 3977 2237 4045 divinitus

1257 4062 1349 4129 vebis
1371 4059 1482 4126 datum
1506 4065 1604 4145 est‚⁰)
1634 4085 1692 4128 cur
1713 4084 1819 4128 meam
1842 4063 2064 4146 praesentiam
2094 4084 2237 4149 magno-

1184 4216 1188 4223 ,
1257 4168 1334 4230 pere
1356 4146 1496 4229 amplius
1518 4149 1715 4230 exspectatis
1736 4170 1802 4213 non
1820 4148 1924 4214 video.
1958 4148 2031 4213 Etsi
2055 4150 2147 4214 enim
2168 4172 2237 4216 non

613 4269 820 4280 --——-
1258 4253 1355 4316 aegre
1377 4253 1438 4306 me,
1462 4240 1500 4297 ut
1518 4232 1653 4312 conlido,
1676 4234 1798 4300 socium
1822 4234 2017 4310 admitteret,
2047 4234 2132 4298 mihi
2158 4258 2237 4302 vero

1257 4316 1529 4384 iucundissimum
1561 4320 1645 4384 foret
1674 4339 1846 4385 commune
1874 4319 1967 4385 vobis
1996 4318 2146 4385 studium
2176 4324 2238 4386 im·

1257 4402 1407 4485 pendere,
1439 4404 1468 4468 si
1496 4413 1608 4469 tamen
1627 4405 1719 4470 nulla
1739 4407 1864 4489 flagitet
1886 4406 2075 4486 necessitas,
2108 4429 2154 4473 ne
2177 4429 2237 4473 vos

671 4521 768 4591 atta.
1258 4562 1460 4568 *κη-

483 4674 718 4742 oauvruus
741 4673 952 4741 Pouours.
1257 4641 1591 4776 ²⁰⁰²·33gf134435fre
1608 4644 1713 4697 uasat.

1357 4779 1386 4848 3)
1404 4779 1442 4835 N.
1460 4778 1536 4834 2555.
1551 4809 1585 4819 -
1604 4781 1680 4849 Quos
1697 4787 1861 4850 sequautur:
1880 4781 1926 4849 qui
1945 4796 1999 4839 non
2017 4782 2098 4835 modo
2119 4822 2233 4838 .....

324 4842 447 4911 Causas
468 4848 560 4928 affert
588 4867 643 4911 car
672 4867 735 4912 aon
763 4846 881 4911 dadam
902 4846 945 4911 ad
967 4865 1073 4915 eorum
1095 4847 1205 4913 literas
1256 4849 1602 4913 Liemaninns,10avillaei
1618 4850 1914 4918 manuscriptorum.
1998 4919 2002 4928 ι

232 4930 425 5011 responderit
447 4953 543 5013 neque
563 4953 668 4996 eorum
688 4933 849 5007 dssSidWiO,
879 4952 938 5013 quo
965 4933 1039 4996 moti
1061 4951 1132 4998 eum
1153 4954 1204 5000 ac,
1357 4917 1388 4982 4)
1412 4917 1466 4986 0!st
1481 4923 1512 4972 ln
1531 4918 1673 4973 Pomdam
1690 4933 1815 4972 ΜΜΜ
1836 4917 1923 4973 Gamo
1944 4932 2018 4987 now
2042 4933 2238 5042 ὛΜ

233 5036 350 5081 cerem
370 5019 558 5097 cupiverunt,
582 5016 785 5099 obtemperare
802 5019 945 5099 potuerit.
1254 4993 1360 5124 ἕως.
1368 4989 1542 5110 {ww
1565 4986 1782 5121 Ῐῖἕωῖξωῑῦῗὲθ)
1794 4991 1903 5058 ⁶⁰th
1924 5002 1974 5055 uer
2001 4992 2085 5042 aaa
2148 4995 2237 5044 tem

390 5140 437 5148 -
1359 5123 1390 5192 5)
1408 5124 1476 5192 Ipso
1495 5125 1660 5179 Lanuuino
1678 5126 1808 5181 mdeste
1825 5141 1884 5179 eum
1902 5138 2039 5180 arctam
2056 5126 2210 5181 adamant.

335 5185 365 5253 2)
383 5187 421 5242 N.
438 5186 514 5242 8555.
1360 5193 1389 5259 6)
1408 5211 1442 5248 m.
1462 5193 1607 5248 Decembri
1623 5192 1777 5249 adamat.
