4778 5888
124 332 189 393 373
984 331 1064 392 1657
1086 328 1275 397 IANUAR.
2061 336 2127 404 874

124 518 267 593 terrent,
298 538 339 581 ne
361 538 446 582 unus
469 517 509 582 ab
532 517 634 582 altero
656 515 854 594 dissentiret,
883 516 970 580 unde
991 515 1101 582 hostes
1151 539 1237 594 rem,
1267 539 1341 585 cum
1367 519 1520 586 omnibus
1549 522 1604 601 iis,
1632 523 1688 606 qui
1710 522 1760 609 (ni
1780 524 1888 609 fallor)
1915 531 1993 592 ante
2020 528 2128 595 trien-

125 604 231 669 nostri
253 601 360 668 denuc
382 623 494 668 ansam
516 603 737 668 calumniandi
760 603 952 685 arriperent.
993 603 1099 666 Tuum
1150 606 1241 669 nium
1272 605 1489 690 Marpurgum
1521 626 1595 672 oum
1628 608 1686 674 illo
1714 611 2017 692 proficiscebantur,
2047 634 2124 680 meo

19 704 21 708 ’
125 696 236 754 autem
256 701 341 752 esset
363 690 481 753 fratres
500 688 739 770 undicunque*
760 689 794 752 in
818 689 1023 752 commodum
1042 689 1100 751 ali·
1151 692 1284 755 nomine
1301 691 1481 772 plurimum
1499 693 1625 759 salvere
1641 695 1754 760 iubeas
1772 717 1860 781 rogo.
1896 696 2020 763 Iterum
2037 699 2128 764 vale.

126 795 224 858 quem
257 774 363 838 lecum
397 794 591 848 convocare,
623 773 831 857 interpellate
863 776 955 857 prius
988 777 1100 837 nnius·
1151 777 1317 842 Milhusae
1350 779 1447 842 tertio
1480 778 1590 845 Nonas
1621 780 1767 846 Ianuarii
1797 803 1883 847 anno
1916 782 2052 848 Domini
2082 789 2127 847 57

126 864 285 942 cuiusque
296 859 501 942 magistratu,
520 881 585 924 non
604 860 708 924 solum
728 860 769 924 ob
791 879 910 924 coenae
923 861 1098 943 negotium,
1151 882 1250 945 super
1271 863 1598 945 sesquimillesimum.

126 967 241 1011 verum
272 946 368 1008 etiam
401 946 441 1011 ob
475 967 527 1010 res
556 945 650 1020 alias,
685 944 808 1009 Ohrieti
832 945 966 1009 Domini
997 948 1100 1009 nostri
1905 1004 1911 1016 ,

127 1031 283 1097 ecclesiae
305 1030 480 1095 admodum
503 1033 704 1096 necessariae
726 1051 763 1096 ac
787 1030 894 1095 utiles.
1526 1055 1529 1062 ·
1681 1003 1773 1068 Tum
1794 1024 1836 1068 ⁰¹
1858 1025 1967 1101 “nim

213 1117 390 1180 Praeterea
419 1128 470 1181 est
498 1119 596 1180 etiam
626 1115 715 1180 aliud
744 1117 910 1199 negotium
940 1118 1019 1180 satis
1048 1138 1098 1179 ar·
1674 1087 1847 1187 0⁰3¹¹²d¹¹⁸
1870 1088 1977 1155 F¹¹¹⁰k

127 1202 240 1277 duum,
264 1202 351 1284 quod
369 1223 475 1266 meam
494 1204 715 1285 maximopere
738 1213 834 1283 urget
855 1201 1099 1279 conscientiam,
1605 1172 1821 1239 E⁰⁰I⁰⁸¹¹¹⁸t⁰⁸
1843 1175 2063 1240 mumm-

127 1289 163 1353 in
187 1309 249 1370 quo
278 1296 371 1351 tuum
403 1298 435 1351 et
457 1308 577 1370 quaero
598 1299 632 1351 et
655 1298 728 1371 peto
755 1288 935 1353 consilium.
970 1287 1045 1351 Non
1068 1298 1126 1359 tei

126 1372 232 1439 latere
252 1383 357 1454 potest
378 1373 489 1438 foedus
516 1372 613 1450 illud,
642 1373 726 1456 quod
750 1382 827 1437 ante
853 1373 975 1456 aliquot
997 1369 1127 1472 annosi

128 1460 278 1524 inierunt
304 1480 378 1523 cnm
401 1459 507 1535 Gallo,
517 1464 545 1533 ⁴)
575 1481 639 1523 non
668 1459 774 1523 solum
804 1459 954 1540 papistici
977 1459 1126 1580 Helue-⁴

128 1547 248 1609 tiorum
271 1545 347 1609 loci.
379 1546 610 1610 verumetiam
635 1546 686 1621 hi,
715 1547 770 1626 qui
800 1565 914 1626 puram
937 1546 1099 1627 evangelii

128 1632 206 1695 Iesu
218 1630 343 1695 Christi
357 1630 538 1695 doctrinam
557 1631 700 1714 amplexi
723 1643 810 1704 sunt,
834 1641 912 1712 puto
924 1630 1098 1703 Basileam,

129 1716 335 1782 Schafusiam
361 1736 397 1780 ac
419 1717 591 1799 plerosque
608 1717 664 1798 qui
686 1716 750 1779 illis
772 1717 900 1779 loedere
922 1728 1002 1779 sunt
1023 1738 1100 1781 con·
1587 1735 1687 1804 2575‘

128 1804 242 1877 iuncti,
264 1812 300 1866 nt
322 1802 453 1877 Rhaeti‚
477 1801 717 1883 sangallenses,
741 1811 773 1865 et
793 1803 897 1866 nestri
910 1801 1099 1866 Milhusani.

128 1889 256 1952 Verum
280 1888 391 1951 tbedus
415 1888 493 1952 illud
517 1887 602 1969 apud
625 1908 692 1967 nos,
715 1887 901 1951 viventibus
921 1892 1098 1953 etiamnum
1406 1889 1622 1955 SINAPIUS
1649 1889 1866 1955 OALVINO.

127 1972 317 2038 consulibus
340 1993 377 2037 ac
400 1976 603 2037 senatoribus
625 1973 701 2048 illis,
731 1975 785 2056 qui
808 1975 914 2056 primo
937 1974 1099 2056 evangelii

127 2057 310 2124 doctrinam
341 2072 543 2142 receperunt,
578 2080 614 2124 ac
648 2060 859 2123 christianam
893 2057 1100 2123 honestatem
1241 2061 1400 2126 Tristibus
1419 2061 1489 2124 suia
1509 2067 1536 2124 et
1557 2060 1703 2141 famulae
1720 2067 1746 2125 et
1764 2062 1891 2143 patriae
1918 2063 1997 2143 tetris
2016 2063 2127 2129 rasus

126 2145 352 2216 instituerunt,
376 2146 421 2208 ita
443 2154 609 2208 servatum
633 2146 703 2217 fuit,
727 2154 763 2207 ut
783 2145 1004 2226 paucissimis
1027 2166 1100 2208 nos·
1150 2150 1273 2232 pretim
1294 2148 1360 2229 cpit
1380 2147 1417 2209 de
1438 2146 1529 2210 libris
1550 2146 1612 2209 sibi
1632 2147 1750 2224 mbae,
1778 2148 1847 2226 ipse
1868 2147 1967 2211 ubam
1984 2149 2125 2214 vesum

129 2232 191 2295 tris
219 2231 393 2294 militatum
426 2231 569 2305 abirent,
599 2240 632 2294 ct
659 2233 686 2294 ii.
712 2229 947 2312 quodammodo
976 2230 1101 2294 occulte
1152 2234 1259 2304 tradit,
1292 2238 1425 2297 veterum
1458 2231 1718 2296 Ferrarieusium
1748 2233 1906 2298 sodalium
1945 2236 2126 2299 manerium

127 2317 318 2397 furtimque.
355 2316 532 2398 Postquam
556 2330 664 2380 autem
688 2317 801 2398 optimi
829 2316 875 2379 illi
901 2317 960 2379 viri
984 2336 1101 2381 consu·
1126 2359 1129 2414 1
1154 2320 1258 2385 recolit
1280 2324 1307 2381 ct
1328 2318 1423 2384 cicera
1444 2317 1598 2398 quendum
1620 2318 1827 2382 &manaem
1846 2319 2044 2384 commendat.

127 2403 224 2476 lares,
246 2402 300 2484 qui
313 2401 381 2464 acle
400 2400 510 2465 divino
530 2401 667 2483 praediti
687 2413 789 2478 erant,
808 2409 945 2465 naturae
968 2423 1100 2465 cursum
1127 2438 1129 2510 q

129 2487 355 2560 absolverunt,
385 2507 437 2550 ree
464 2491 561 2551 etiam
591 2487 674 2569 apud
707 2509 764 2551 nos
793 2489 828 2550 in
851 2487 951 2550 alium
981 2497 1101 2550 statum
1127 2511 1129 2532 ¹
1307 2489 1363 2554 (Ex
1381 2489 1548 2564 suwffispho
1567 2487 1632 2542 00ss-
1650 2487 1751 2541 Gener.
1774 2486 1830 2551 112,
1850 2489 1894 2542 tol.
1914 2487 1968 2549 17.)

129 2575 270 2637 ducitur.
307 2573 476 2638 Habemus
498 2575 583 2636 enim
602 2573 789 2648 Consulem,
811 2577 866 2654 qui
889 2573 976 2636 intra
998 2594 1101 2636 unum
1127 2580 1128 2627 l

130 2674 165 2723 et
197 2660 336 2722 alterum
366 2679 511 2723 mensem
540 2658 719 2736 Solctnrni,
753 2658 793 2722 ab
820 2679 858 2721 co
888 2659 942 2739 qui
974 2658 1102 2722 Galliac
1127 2634 1129 2739 l
1154 2661 1346 2725 Clarissimo
1370 2658 1517 2723 doctrina
1546 2672 1578 2722 et
1607 2660 1727 2741 pietate
1749 2660 1822 2723 viro
1844 2659 1885 2723 D.
1910 2659 2028 2724 Ioanni
2050 2660 2127 2724 (lal-

128 2745 233 2829 Regis
256 2745 360 2808 vicem
384 2747 461 2827 agit,
485 2744 709 2821 emendicavit,
733 2754 770 2806 ut
791 2744 892 2825 ipsius
913 2744 1101 2826 privignum
1127 2746 1129 2844 j
1155 2748 1231 2810 vinc
1254 2745 1461 2810 Genevensis
1484 2744 1638 2809 ecclesiae
1658 2746 1795 2808 antistiti
1818 2744 1949 2809 domino
1970 2756 2005 2811 et
2024 2748 2127 2810 amice

130 2833 311 2911 susciperet
339 2851 375 2894 ac
402 2844 527 2892 crearet
555 2833 590 2892 in
618 2841 715 2910 caput
734 2840 777 2893 .et
807 2829 921 2892 ducem
950 2828 1100 2892 militum.
1127 2848 1129 2903 i
1339 2830 1539 2913 dignissimo,
1563 2829 1733 2912 εὖπράττειν
1754 2835 1804 2892 καὶ
1821 2839 1943 2914 χαίρειν.

128 2917 167 2980 Is
193 2927 299 2979 erecto
332 2916 425 2997 signo
455 2914 599 2978 Milhusa
628 2917 739 2978 abiens
773 2915 895 2978 iustum
928 2935 1101 2978 numerum
1127 2932 1130 3046 ι
1976 2960 1979 2965 ,

130 3003 327 3083 optimorum
352 3003 469 3065 civium
495 3021 604 3064 secum
630 3001 776 3078 abduxit,
800 2999 887 3082 qnod
909 3001 982 3081 plue
1005 3021 1101 3081 quam
1165 3034 1176 3055 ι
1242 3003 1384 3067 Felicem
1404 3020 1441 3065 ac
1458 3002 1602 3064 faustum
1621 3000 1790 3065 ineuntem
1809 3001 1897 3066 hunc
1915 3022 2038 3066 annum
2056 3002 2127 3080 tibi,

131 3087 270 3169 triginta
293 3088 387 3149 annis
409 3081 573 3150 Milhusac
602 3107 772 3169 nunqnam
795 3086 901 3151 visum
926 3095 983 3149 est.
1021 3086 1102 3149 (lae-
1128 3098 1130 3177 i
1154 3089 1208 3152 vir
1229 3089 1449 3170 integerrime,
1473 3087 1688 3168 omnibusque
1712 3087 1837 3151 sincere
1860 3086 2029 3152 Christum
2049 3108 2128 3193 pre-

130 3184 238 3235 tcrum
263 3183 419 3253 quantum
443 3171 567 3245 luxum,
590 3184 745 3253 quautam
768 3172 977 3253 impietatem,
1001 3192 1103 3252 quan·
1128 3193 1130 3248 ς
1155 3173 1326 3239 fitentibns
1344 3192 1386 3236 ex
1405 3173 1514 3235 animo
1535 3192 1658 3253 precor.
1692 3172 1778 3236 Nam
1798 3173 1857 3236 etsi
1880 3193 1933 3236 me
1953 3171 2025 3252 μήδ’
2044 3178 2128 3250 agree

131 3270 204 3321 tum
225 3257 365 3340 denique
387 3269 607 3339 contemptum
628 3257 760 3321 Domini
781 3258 843 3321 Dei
866 3258 979 3331 nostri,
1001 3259 1103 3338 ipsius
1128 3251 1130 3270 '
1154 3258 1228 3339 μήδ’
1252 3258 1351 3321 ἱκανὸν
1374 3276 1556 3339 agnoscam,
1580 3257 1632 3320 vel
1650 3256 1691 3320 ad
1714 3255 1896 3322 doctrinam
1916 3257 1956 3322 dc
1977 3257 2044 3323 filio
2062 3257 2128 3322 Dei

132 3341 225 3406 verbi
256 3365 293 3407 ac
319 3346 429 3406 omnis
460 3344 589 3424 pietatis
620 3343 863 3424 honestatisque
897 3345 961 3407 ista
987 3343 1130 3405 militia¹
1156 3357 1322 3409 servatore
1345 3353 1458 3407 nostro
1481 3341 1738 3426 propagandam,
1768 3343 1822 3406 vel
1849 3341 1924 3424 πρὸς
1950 3341 1984 3404 τὸ
2008 3341 2124 3406 ἐπιπο-

132 3449 242 3494 secum
261 3429 437 3492 advectura
455 3430 505 3498 sit,
529 3441 566 3491 tu
585 3430 654 3510 ipse
672 3429 824 3494 facillime
842 3428 986 3493 indicare
1004 3441 1103 3511 potes.
1129 3430 1131 3494 l
1154 3428 1449 3510 materteramve,
1480 3429 1532 3510 pie
1560 3440 1668 3491 tamen
1697 3431 1766 3511 ipse
1795 3428 1834 3492 de
1857 3428 1935 3493 Deo¹
1950 3429 2072 3493 sentim
2094 3441 2127 3495 et

132 3516 186 3580 De
209 3514 260 3576 his
283 3527 390 3577 autem
413 3514 564 3577 omnibus
593 3515 664 3581 illos
694 3535 820 3578 summa
842 3535 905 3595 qna
928 3517 1019 3595 potui
1042 3513 1105 3576 lide
1129 3495 1131 3535 ¹
1155 3518 1209 3599 pie
1231 3517 1446 3580 sentientibus
1475 3512 1586 3577 sedulo
1614 3514 1773 3578 inservire
1794 3515 1905 3597 cupio,
1935 3515 2127 3597 praesertim

134 3601 289 3665 admonui
322 3599 631 3682 diligentissimeque
665 3601 738 3664 illos
771 3601 810 3664 ab
850 3601 999 3664 instituto
1039 3613 1105 3662 tam
1156 3609 1206 3666 tot
1228 3601 1382 3684 gravibus
1405 3600 1644 3665 calamitatibus
1666 3611 1699 3663 et
1719 3601 1893 3676 aerumnis,
1916 3621 2054 3682 quarum
2074 3600 2127 3664 vel

134 3686 236 3769 impio
259 3686 450 3749 dehortatus
481 3706 570 3760 snm,
601 3684 656 3748 sed
679 3685 768 3749 fideli
792 3706 862 3749 mea
885 3686 1105 3748 admonitione
1130 3687 1132 3710 ²
1156 3689 1343 3751 meminisse
1362 3685 1485 3761 horreo,
1509 3706 1568 3766 per
1585 3685 1682 3750 hosce
1699 3687 1866 3768 proximos
1883 3705 1987 3749 annos
2005 3686 2128 3767 aliquot

134 3793 202 3836 non
236 3772 308 3853 plue
336 3772 437 3843 effeci,
472 3792 569 3852 quam
599 3772 683 3853 quod
717 3759 863 3833 omninssr
893 3771 960 3834 fere
990 3771 1024 3833 in
1054 3792 1106 3833 me
1156 3775 1319 3837 exercitus
1349 3776 1399 3834 καὶ
1429 3774 1650 3848 ἐξουθενημένος
1677 3775 1727 3832 eal
1750 3772 1793 3855 τῷ
1813 3772 1916 3856 κόσμῳ
1939 3771 2124 3854 respuemus.

135 3859 296 3922 concitavi
317 3857 437 3920 odium.
474 3855 560 3920 Illud
583 3869 691 3920 autem
713 3867 801 3920 certo
824 3857 901 3930 scio,
932 3877 1029 3937 quum
1055 3878 1104 3919 rc·
1157 3860 1293 3925 Praeter
1326 3858 1412 3924 enim
1448 3856 1653 3920 dulcissimae
1686 3859 1845 3919 consortis
1883 3856 2125 3920 acerbissimam

135 3943 259 4007 dierint
286 3942 350 4020 illi,
378 3943 433 4023 qui
456 3964 489 4006 se
517 3944 550 4006 in
574 3958 641 4006 tam
664 3943 840 4005 natandum
863 3942 987 4006 tbcinus
1010 3940 1105 4004 dede·
1156 3945 1238 4008 mihi
1261 3958 1407 4016 mortem,
1432 3951 1560 4025 practer
1581 3942 1706 4022 patriae
1725 3940 1939 4023 direptionem
1961 3951 1994 4004 et
2014 3941 2125 4005 funes·

135 4039 228 4104 rant,
258 4028 330 4091 illos
360 4029 513 4091 continuo
537 4028 619 4092 velle
642 4029 816 4110 participes
838 4048 907 4091 esee
938 4027 1104 4091 ecclesias-
1156 4040 1225 4092 tum
1256 4029 1451 4110 exitialcque
1483 4026 1686 4100 incendium,
1720 4039 1850 4108 praeter
1878 4027 2066 4108 patrimonii
2093 4035 2127 4090 ct

135 4115 220 4178 ticae
238 4113 484 4189 communionis,
496 4117 586 4194 quasi
601 4112 684 4178 nihil
697 4112 872 4196 quidquam
885 4113 952 4176 desi
1000 4114 1104 4176 erint:
1157 4115 1343 4179 facultatum
1378 4115 1475 4195 longo
1508 4123 1654 4192 tempore
1692 4113 1924 4194 acquisitarum
1958 4112 2127 4190 iacturam,

136 4199 311 4263 admittere
334 4209 441 4262 autern
471 4199 544 4262 illos
566 4211 714 4262 nostrum
736 4221 806 4263 esse
828 4219 892 4262 non
908 4198 947 4260 vvi
973 4219 1020 4274 co,
1050 4199 1105 4279 qui
1157 4213 1260 4264 totum
1285 4200 1451 4263 biennium
1475 4197 1767 4262 contumacissimis
1797 4197 1989 4262 torminibus
2015 4207 2048 4260 et
2076 4199 2128 4261 in·

135 4305 251 4349 erimus
273 4285 425 4349 ecclesiae
454 4285 627 4365 praepositi
655 4305 692 4350 ac
714 4285 864 4362 ministri,
894 4285 1106 4363 magistratus
1130 4277 1132 4387 j
1157 4284 1379 4350 tolerabilibus
1398 4284 1570 4347 ventriculi
1591 4294 1688 4363 atque
1711 4283 1776 4346 alvi
1800 4281 1963 4346 doloribus
1985 4284 2031 4346 ita
2052 4303 2128 4346 crn-

135 4380 248 4435 autem
279 4370 411 4433 omnino
442 4390 507 4432 nou
540 4373 630 4442 feret,
664 4383 701 4433 ut
729 4370 898 4452 quisquam
929 4369 1058 4432 illorum
1087 4391 1107 4431 a
1130 4389 1133 4448 q
1158 4374 1262 4434 ciatus
1284 4370 1340 4447 fui,
1361 4380 1398 4432 ut
1420 4387 1516 4432 nemo
1535 4378 1697 4449 spectator
1715 4389 1766 4431 me
1784 4363 1957 4431 evasurum
1976 4369 2130 4448 speraritr

135 4457 366 4520 communione
388 4466 546 4520 arceatur.
581 4455 672 4518 Haec
694 4457 803 4537 itaque
825 4456 977 4519 acmulta
993 4454 1105 4517 huius·
1130 4473 1133 4524 l
1157 4456 1226 4520 Nec
1248 4476 1325 4520 sane
1356 4456 1426 4519 sinc
1448 4473 1567 4537 magno
1595 4454 1700 4518 crucis
1723 4452 1896 4529 miraculo,
1924 4450 2008 4535 quod
2029 4473 2125 4536 prae·

135 4540 226 4604 modi
257 4542 320 4604 alia
349 4562 473 4604 mecum
504 4549 674 4622 reputans,
705 4542 833 4605 animus
855 4550 940 4603 esset
962 4539 1107 4603 Milhusa
1130 4531 1133 4616 l
1158 4542 1297 4607 sentium
1320 4541 1402 4604 lator
1425 4538 1579 4615 narrabit,
1607 4541 1704 4603 evasi.
1740 4537 1835 4604 Unde
1864 4539 1928 4602 iam
1951 4537 2024 4604 aliis
2045 4560 2124 4621 que·

138 4625 304 4690 discedere
326 4646 432 4689 acme
455 4627 517 4689 alic
537 4627 698 4701 conferre,
729 4636 823 4690 tuum
845 4639 954 4690 antem
982 4627 1016 4689 in
1045 4625 1106 4690 isto
1158 4648 1221 4710 que
1249 4638 1504 4690 commonstrare
1532 4645 1604 4688 meo
1633 4625 1718 4688 malo
1748 4624 1854 4699 didici,
1885 4621 1925 4695 ὦς
1947 4623 2045 4703 ὀλίγον
2073 4627 2126 4685 aul

137 4731 210 4776 meo
228 4712 377 4776 institute
395 4722 469 4791 peto
487 4710 581 4776 fidele
598 4712 779 4777 consilium.
816 4712 889 4775 Nou
907 4712 993 4774 onim
1012 4712 1107 4792 quid·
1157 4711 1282 4792 μηδενός
1304 4708 1375 4788 ἄξια
1397 4710 1492 4773 πάντα
1509 4710 1548 4773 τὰ
1565 4712 1618 4772 τοῦ
1635 4711 1745 4788 κόσμου
1762 4711 1916 4787 talama,
1940 4729 2000 4773 uec
2021 4709 2125 4774 ullam

136 4818 236 4878 quam
270 4799 340 4861 sine
372 4797 500 4878 piorum
534 4796 765 4880 doctorumque
803 4797 940 4861 fratrum
974 4797 1106 4860 consilio
1158 4819 1229 4862 esse
1251 4796 1387 4862 solidam
1409 4797 1547 4879 gloriam
1569 4815 1665 4879 quam
1688 4798 1722 4860 in
1744 4816 1839 4860 emec
1860 4794 2007 4858 Domini:
2036 4814 2123 4876 opes,

136 4893 302 4947 attentare
325 4885 406 4946 velo.
450 4883 541 4959 Vale,
571 4904 607 4946 ac
632 4884 786 4947 loannem
811 4882 972 4963 Hupouem
1000 4883 1106 4945 iunio·
1158 4884 1309 4959 honores,
1342 4902 1461 4965 genus,
1492 4882 1640 4954 sormam,
1676 4882 1776 4956 vires,
1809 4880 2001 4962 voluptates,
2034 4899 2127 4943 mera

1158 4971 1283 5034 somnia
1304 4969 1338 5032 in
1361 4969 1502 5034 tenebris
1519 4965 1634 5031 mundi
1658 4966 1756 5029 huius
1773 4965 1975 5030 versantium
1997 4976 2031 5028 et
2051 4966 2132 5028 irri-

1158 5065 1304 5119 tamenta
1326 5053 1485 5117 malorum
1508 5072 1588 5117 esse.
1630 5051 1677 5118 Ut
1698 5050 1856 5149 heremita
1877 5070 1955 5148 ergo
1977 5050 2028 5114 vel
2050 5070 2130 5132 pae-

242 5172 273 5232 4)
292 5173 347 5226 cut
360 5173 489 5226 Soloduri'
506 5171 604 5225 blau.
624 5170 701 5224 1549.
738 5171 797 5226 Soli
813 5171 965 5225 Beruenses
983 5177 1007 5224 et
1030 5170 1108 5223 Turi·
1159 5161 1211 5239 ⁸9¹
1243 5139 1332 5204 ⁸⁰l⁰⁸
1364 5141 1399 5203 in
1432 5147 1517 5236 will?
1551 5147 1651 5237 mam
1685 5134 1766 5219 (¹⁰8⁰
1799 5135 1991 5232 ⁸⁰l¹t⁸¹s¹⁹¹mr
2024 5156 2129 5202 Sem

135 5258 228 5300 mess
246 5249 416 5309 recusarunt,
432 5248 527 5295 autore
541 5243 726 5308 mcaimeipro
740 5240 898 5309 Budiuperc
915 5239 1005 5307 (Here.
1023 5240 1059 5294 ΙΙ.
1069 5239 1108 5302 9.)
1160 5225 1277 5290 viduus
1307 5235 1341 5288 ct
1367 5222 1643 5300 valetudinarius,
1669 5220 1774 5286 adhuc
1799 5218 1953 5304 languida
1980 5221 2134 5287 membru

1868 5319 1920 5372 94⁸

137 5057 337 5068 ——u—-—-
