4778 5888
75 310 142 376 237
979 313 1059 375 1556
1080 308 1172 377 IUIr.
2006 315 2069 379 238

79 496 205 562 deson
227 496 337 582 eglise.
381 498 428 563 llt
444 516 539 580 apres
555 516 695 580 quaurea
712 498 849 580 rescript
870 495 980 563 audiet
1000 495 1047 562 Μ.
1099 516 1192 563 suam
1214 493 1371 562 ditionem
1393 496 1574 564 evehatur..
1596 499 1817 577 Genevenses,
1840 501 1880 566 de
1901 503 2069 568 succerio

83 581 197 649 Galam
223 602 337 665 porres
357 587 501 665 'envoyer
517 582 616 648 lediot
636 583 757 665 esoript
778 580 920 648 ausdiotz
945 583 1048 647 freres
1100 579 1170 646 ludi
1199 582 1433 660 existimantes,
1465 603 1544 649 mox
1571 582 1784 650 diffamarunt
1812 594 1948 665 nostros,
1976 588 2069 669 quasi

81 667 124 733 de
144 667 258 733 Vezell
280 688 363 751 pour
377 667 458 734 lllee
475 667 506 734 le
523 664 714 752 soubsigner
734 667 942 751 litquicculx
955 687 1050 749 apres
1100 675 1233 750 propter
1250 667 1338 748 ipsos
1363 667 1587 735 hooedictum
1608 671 1707 734 fuerit
1727 669 1967 754 evulgatum.²)
2000 672 2068 741 Neo

80 773 185 838 avoyr
214 773 251 820 oc
283 755 354 838 iayt
375 753 406 818 le
435 774 516 819 nous
545 754 759 839 envcyeroint
786 774 868 836 pour
892 755 944 836 icy
961 752 1049 817 aussi
1101 751 1213 822 dubito
1245 754 1325 835 quin
1351 753 1393 817 ad
1415 775 1473 820 vos
1495 775 1622 837 quoque
1648 754 1772 838 aliquid
1800 755 1900 821 huius
1928 760 2069 825 rumoris

79 838 113 904 le
124 839 315 923 soubsigner
334 850 367 903 et
388 839 548 923 lenvoyer
561 841 635 922 puis
653 859 748 922 apres
765 838 876 905 audiet
887 836 1050 922 Seigneur
1100 839 1294 921 pervenerit.
1339 837 1406 903 Sed
1428 860 1544 904 revera
1563 848 1692 905 tantum
1714 840 1775 907 hoc
1795 841 1897 925 Regis
1926 842 2068 909 edictum

80 934 233 1007 ceperant
253 946 316 1007 que
337 924 368 989 le
389 935 461 990 tout
483 926 588 990 auroit
609 925 674 991 bon
692 945 812 994 suesce.
857 921 1051 1006 (dependant
1100 923 1302 989 occasionem
1324 922 1414 988 dedit
1435 934 1474 988 ut
1491 928 1594 990 nostri
1611 925 1672 991 hoc
1690 928 1863 1004 sancirent,
1897 926 2069 994 Geneven·

81 1009 189 1075 chiers
209 1011 312 1075 freres
334 1030 417 1075 vous
437 1011 548 1092 priona
571 1032 693 1094 quavec
710 1031 794 1075 nous
815 1009 965 1074 vocilliee
983 1010 1050 1074 lere
1101 1009 1187 1073 sium
1204 1008 1296 1073 nulla
1316 1009 1402 1074 facta
1419 1011 1592 1075 mentione.
1625 1009 1737 1092 Quum
1756 1032 1835 1096 ergo
1857 1012 2068 1080 Genevenses

105 1095 207 1159 riores
235 1117 276 1160 au
306 1093 469 1179 Seigneur
497 1112 579 1178 pour
607 1095 723 1162 ladicte
753 1095 853 1178 eglise
881 1093 960 1159 affin
988 1115 1050 1177 que
1101 1092 1190 1175 apud
1218 1102 1369 1159 senatum
1390 1116 1517 1177 quoque
1539 1104 1687 1160 nostrum
1715 1118 1754 1162 ea
1775 1095 1815 1162 de
1836 1118 1872 1161 re
1893 1119 2067 1180 conquere-

80 1116 262 1248 lesuscriet
283 1202 384 1265 regne
405 1180 646 1265 paysiblement
667 1189 798 1263 partout
816 1180 909 1244 Nous
927 1200 1051 1246 recom-
1102 1189 1227 1257 rentur,
1250 1181 1336 1245 facta
1357 1191 1407 1245 est
1428 1181 1494 1246 illis
1517 1180 1690 1246 declaratio
1712 1203 1777 1264 qua
1796 1181 1877 1265 puto
1893 1184 1980 1266 ipsos
2001 1185 2069 1250 iore

80 1265 244 1333 mandans
283 1269 446 1350 tousjours
487 1267 576 1332 aussi
610 1289 629 1332 a
662 1288 720 1331 rou
751 1266 894 1331 sainctes
926 1266 1050 1347 priores
1102 1273 1277 1330 contentos
1322 1263 1380 1331 Sic
1402 1287 1489 1331 nunc
1512 1287 1564 1331 res
1586 1266 1715 1332 habent.
1767 1268 1897 1334 Interea
1918 1269 2068 1335 feruntur

80 1351 218 1418 Comme
240 1352 328 1418 aussi
348 1373 432 1418 nous
454 1374 556 1418 avone
578 1373 783 1418 souvenance
805 1350 845 1416 de
866 1372 956 1415 vous.
997 1348 1050 1414 De
1102 1351 1206 1427 vario,
1233 1349 1290 1415 sed
1313 1351 1422 1416 nescio
1446 1371 1543 1434 quam
1566 1362 1664 1432 certa,
1686 1352 1726 1417 de
1746 1353 1887 1418 consiliis
1915 1356 2002 1438 regis
2027 1353 2067 1421 de

80 1437 290 1519 Oepernaum
322 1436 353 1501 le
390 1444 436 1502 lt'.
471 1437 587 1504 Juillct
623 1442 712 1502 1556.
752 1458 812 1520 par
843 1437 891 1500 lee
923 1445 1050 1500 vostres
1101 1435 1290 1518 occupanda
1321 1435 1466 1502 Gevcva.
1506 1436 1591 1502 Item
1621 1437 1827 1503 Oardinalem
1866 1441 1904 1505 de
1941 1439 2068 1523 Gerysea

81 1523 233 1588 humbles
250 1521 1049 1607 freresdudictLyeulesquelubiencongnoisses.
1101 1531 1247 1586 creatum
1270 1543 1340 1586 esse
1361 1522 1548 1605 episcopum
1571 1523 1809 1602 Genevensem,
1835 1534 1872 1588 ut
1893 1524 1954 1590 hac
1976 1546 2066 1590 oeca-

1100 1606 1191 1671 sione
1212 1606 1349 1672 insidiae
1370 1608 1449 1690 ipsis
1480 1617 1645 1689 parentur.
1701 1608 1768 1674 Sed
1789 1610 1873 1673 nihil
1901 1619 1988 1676 certe
2014 1610 2068 1675 hio

1101 1692 1266 1756 affirmare
1286 1713 1428 1773 possum.
1441 1695 1466 1765 ⁸)
1499 1692 1612 1758 Metuo
1634 1713 1676 1757 ne
1697 1696 1866 1778 contingat
1881 1696 1960 1778 ipsis
1982 1694 2068 1778 quod

456 1831 656 1841 ..-.....
1102 1778 1414 1842 Constantiensibus.
1466 1777 1534 1842 Nos
1567 1799 1645 1843 vero
1678 1779 1833 1862 quidquid
1861 1781 1940 1863 ipsis
1967 1781 2067 1846 conti·

1101 1863 1196 1945 gerit,
1214 1862 1353 1928 velimus
1370 1862 1522 1938 nolimus,
1535 1863 1647 1928 eodem
1660 1876 1717 1929 aut
1734 1865 1815 1930 torte
1833 1867 1931 1929 etiarn
1948 1867 2067 1949 preiori

1100 1947 1304 2013 involvamur
1324 1949 1419 2012 malo.
1445 1984 1801 1998 -------

516 2082 617 2153 2502.
1186 2083 1315 2149 Bernae
1338 2087 1388 2147 24.
1411 2083 1487 2149 Iulii
1509 2048 1598 2148 1556.

272 2236 524 2304 asenneus
543 2234 860 2303 aunnrronao.
1779 2171 1806 2236 Ι·
1829 2172 1871 2236 Η·
1895 2186 1981 2236 tuus·

166 2409 395 2492 Negotiottoaes
420 2430 488 2475 cmm
518 2405 748 2473 Geneamcibas
780 2427 878 2487 usqae
905 2409 1048 2488 pendent,
1480 2465 1558 2470 m„
1577 2464 1679 2469 m„

76 2496 240 2577 coriisque
265 2497 303 2562 de
334 2497 440 2561 coasts
467 2496 569 2559 animi
594 2493 637 2557 od
672 2494 916 2574 compositionem
944 2495 1050 2559 minae

71 2581 238 2663 proclives,
267 2583 403 2647 maxime
425 2583 518 2646 ettam
540 2600 578 2644 ee
601 2578 698 2661 Regis
727 2579 822 2645 edicto
849 2579 886 2643 cte
914 2600 974 2644 aare
996 2600 1048 2645 ex-

72 2668 236 2750 portanda
259 2688 392 2733 orama.
518 2740 520 2745 ,
1494 2726 1497 2728 ,
1535 2696 1634 2766 2503·

78 2838 323 2962 tractet.
340 2836 506 2976 atteret?
522 2833 1048 2969 atr-tezel.r1·.t¹te
1295 2850 1629 2917 rutenenses
1654 2849 1870 2917 crevero.

161 3079 167 3092 ,
209 3078 215 3090 ,
329 3078 335 3091 ,
575 3076 581 3089 .
734 3074 740 3087 .
902 3074 908 3086 .
977 3074 983 3087 .
1186 3019 1339 3085 Hortatur
1355 3026 1390 3088 ut
1406 3021 1449 3085 aa
1459 3042 1569 3103 paoem
1580 3021 1805 3088 remittendam
1818 3023 1964 3104 precibus
1980 3026 2068 3106 apud

80 3077 272 3143 Olanesrmo
305 3098 375 3141 vrro
407 3076 449 3141 D.
478 3075 621 3140 Hennco
654 3073 843 3156 Bulhngero
874 3071 1048 3156 Trgurmae
1100 3104 1205 3169 Deum
1226 3112 1321 3188 aym
1338 3107 1429 3187 pacis
1449 3109 1591 3181 studiosi,
1618 3128 1714 3189 quum
1740 3109 1808 3173 azia
1828 3111 1882 3172 via
1909 3109 1974 3173 iam
1990 3131 2067 3190 pro·

79 3163 233 3229 ⁰⁰⁰l⁰⁸i³⁰
255 3163 378 3246 pfflwri
398 3162 588 3311 fidflffltimog
606 3159 797 3309 dominos&
812 3161 969 3241 ⁰⁰mpmi
990 3158 1048 3224 h⁰'
1098 3192 1539 3273 fieereaeaposseetdeaatur.
1571 3193 1784 3257 Vermtlr'uee'rr
1799 3193 1952 3259 Pettioom‘
1969 3195 2067 3260 torum

137 3286 139 3289 ·
328 3269 432 3312 noran
456 3269 514 3313 oe
590 3267 717 3310 rrssrmo
798 3293 806 3308 .

1099 3365 1171 3428 riae*
1185 3363 1382 3445 principibus
1403 3364 1538 3444 placent.
1583 3364 1705 3429 Lectus
1733 3384 1802 3428 eam
1825 3364 1954 3429 Breatm
1979 3366 2066 3431 cotto·

80 3455 464 3588 {en-evellencgotium
487 3455 606 3586 itssdfli
628 3500 733 3567 fldhlw
747 3505 772 3575 ¹)
796 3509 829 3565 ei
850 3521 913 3582 ‘1¹1⁰
943 3503 1048 3584 ¹1¹³ng
1099 3453 1215 3530 quum
1236 3454 1290 3522 est,
1312 3449 1366 3513 sed
1385 3449 1518 3529 frustm·

80 3593 230 3690 cupllnus
248 3590 426 3656 ⁰⁰n⁸⁰⁰iffl⁸i
439 3610 485 3688 ⁰⁰,
498 3590 602 3671 magis
621 3586 842 3686 (11890οῇ3ηωῖ
854 3587 964 3649 animi·
994 3586 1047 3651 Ad
1099 3618 1151 3683 (Ex
1175 3624 1238 3670 autc
1288 3618 1343 3687 pho
1366 3618 1551 3672 Arch.'1¹nric.
1571 3619 1642 3675 Plnt.
1661 3620 1784 3674 VLVol.
1804 3619 1877 3682 11711,
1900 3621 2066 3675 olimScrin.

80 3687 271 3761 petrtronem
301 3676 545 3741 Genevensrum
574 3682 677 3737 nostr]
705 3671 790 3736 drcm
812 3671 964 3736 dixerant
984 3671 1048 3736 Pa·
1100 3687 1129 3742 0.
1146 3687 1215 3755 Epp.
1259 3684 1354 3752 emt,
1378 3686 1551 3741 101332-
1576 3690 1674 3741 Exstat
1697 3705 1749 3758 quo
1770 3705 1803 3741 ne
1827 3690 1855 3742 in
1878 3690 1942 3743 eod.
1966 3690 2065 3744 Genev.

79 3762 217 3826 terniaci
239 3771 278 3826 ut
295 3770 445 3845 ageretur
467 3760 572 3824 denuo
591 3758 630 3822 de
648 3756 833 3823 renovando
855 3756 993 3835 foedere,
1016 3767 1049 3821 ct
1277 3754 1350 3817 10⁷³,
1373 3757 1419 3809 tol.
1436 3755 1470 3809 88
1488 3762 1516 3808 et
1533 3775 1576 3826 ep.
1595 3758 1738 3811 simiorum
1779 3759 1813 3811 0¹·
1832 3757 1887 3823 88.)

80 3849 146 3912 iam
163 3848 240 3911 lecti
263 3855 356 3911 erant
372 3845 488 3929 legati:
512 3845 568 3910 sed
587 3845 694 3908 nescio
715 3863 779 3925 qua
806 3840 846 3905 de
864 3862 963 3907 causa
980 3841 1048 3907 Ge·
1798 3870 1803 3878 ·

81 3929 245 3997 nevenses
262 3931 367 3995 denuo
388 3932 501 3995 venire
518 3929 750 3994 recusaverint.
783 3926 915 3991 Interea
932 3929 1049 3993 accidit
1100 3925 1289 3991 Clarissimo
1310 3928 1380 3991 viro
1402 3926 1443 3991 D.
1475 3927 1592 3992 Ioanni
1621 3928 1760 3993 Calvino
1782 3928 1987 3993 Gencveneis
2013 3947 2065 3992 ec·

81 4017 179 4082 aliud.
225 4017 343 4082 Gallus
364 4026 496 4100 propter
517 4015 630 4098 fruges
651 4015 752 4078 nimio
781 4021 872 4077 aestu
894 4012 971 4076 solis
993 4012 1048 4078 de·
1100 4012 1215 4077 clesiae
1244 4012 1309 4076 fido
1339 4012 1472 4094 pastori,
1490 4011 1620 4078 domino
1649 4013 1875 4078 colendissimo
1907 4023 1941 4078 et
1972 4013 2065 4077 fratri

81 4102 225 4186 perditas
246 4102 415 4167 mandavit
442 4103 475 4165 in
499 4101 617 4166 vicinia
639 4099 770 4163 ditionis
792 4107 973 4162 nostratum
1002 4106 1049 4162 at
1363 4099 1551 4162 honorando
1573 4108 1606 4163 et
1625 4119 1700 4164 caro
1721 4120 1802 4163 meo.

81 4191 256 4272 quostiam
277 4189 398 4271 passim
418 4187 494 4252 alibi
507 4207 565 4269 per
587 4206 734 4268 regnum,
757 4205 799 4248 no
816 4184 1049 4267 quaefrugese

80 4295 181 4358 regno
209 4272 391 4337 evehantur
417 4280 450 4336 et
471 4270 696 4337 divendautur.
740 4270 860 4334 Metuit
892 4269 981 4332 enim
1007 4291 1049 4334 ne
1185 4267 1220 4332 S.
1239 4267 1280 4332 D.
1299 4267 1367 4331 Diu
1391 4267 1497 4332 nullas
1514 4268 1555 4333 ad
1568 4279 1608 4344 te,
1627 4268 1817 4334 honorande
1828 4268 1937 4345 frater,
1955 4269 2067 4333 literas

81 4381 230 4424 annonae
252 4360 363 4443 gravis
385 4366 539 4440 sequatur
560 4357 686 4422 caritas.
731 4355 843 4419 Nostri
867 4355 929 4419 hoc
952 4375 1048 4438 aegre
1100 4354 1222 4435 scripsi,
1245 4351 1301 4416 diu
1323 4352 1428 4417 nullas
1450 4375 1469 4416 a
1490 4365 1522 4417 te
1544 4356 1653 4437 accepi
1670 4355 1823 4419 vicissim.
1839 4358 1863 4429 ¹)
1895 4351 1962 4418 Sed
1979 4363 2067 4420 certo

81 4445 185 4523 ferre,
220 4454 331 4527 utpote
365 4444 405 4509 ad
438 4464 519 4526 quos
546 4464 587 4507 ex
616 4440 737 4505 ditione
769 4440 856 4504 illius
888 4439 1048 4522 plurimae
1101 4439 1175 4517 scio,
1199 4437 1410 4503 nihilominus
1440 4460 1493 4502 me
1522 4438 1614 4522 diligi
1642 4449 1723 4504 ate.
1769 4439 1855 4503 Nam
1883 4447 1917 4502 ct
1944 4460 2004 4523 ego
2033 4449 2065 4503 te

81 4533 194 4614 fruges
221 4529 332 4594 invehi
365 4528 521 4594 solebant.
571 4527 782 4609 Scripserunt
804 4527 912 4606 itaque
941 4545 979 4589 ea
1009 4525 1048 4590 de

81 4637 119 4681 re
142 4617 182 4680 ad
203 4616 340 4698 Regem.
383 4615 458 4679 Rex
475 4614 578 4679 amice
594 4633 630 4678 se
651 4611 821 4677 excusavit
839 4631 904 4674 non
923 4610 987 4675 alia
1009 4610 1048 4675 de

82 4721 180 4766 causa
202 4723 237 4767 se
259 4701 320 4766 hoc
341 4701 454 4767 fecisse
475 4720 572 4782 quam
594 4706 726 4782 propter
747 4696 893 4763 caritatis
915 4706 1046 4760 metum.
1202 4726 1230 4789 2)
1249 4725 1289 4781 E,
1312 4727 1432 4793 sm„
1457 4742 1513 4780 m„
1540 4728 1599 4781 Μ
1626 4741 1717 4781 Μ,
1757 4725 1890 4781 ΜΝ
1907 4726 2065 4799 Bmm,

81 4786 196 4852 Nostri
218 4807 297 4870 ergo
318 4788 385 4852 suis
402 4806 527 4868 quoquc
548 4783 731 4867 prospicere
753 4782 921 4866 cupientes
949 4782 1048 4845 inter·
1100 4798 1273 4866 quantumvis
1289 4797 1362 4849 mire
1378 4795 1468 4860 tome,
1486 4802 1574 4850 tomen
1592 4813 1610 4849 a
1627 4811 1737 4849 suoram
1753 4797 1880 4863 paredas
1896 4801 1957 4850 sect

81 4872 238 4938 dixerunt
254 4873 289 4936 in
308 4871 474 4939 Sabaudia
492 4870 634 4936 vicissim
653 4891 694 4933 ne
712 4866 789 4950 quid
806 4868 938 4950 frugum
956 4875 1050 4931 extra
1100 4864 1701 5000 mbazlrmoerrremtxmffimm
1715 4864 2066 5001 macapwox

875 5140 880 5151 ·
916 5139 921 5150 ¹
1100 5003 1369 5133 willalmi&
1393 5083 1453 5150 cum
1479 5067 1516 5122 N.
1540 5066 1609 5121 2492
1634 5067 1755 5148 amdam
1781 5071 1928 5151 occepere..
1966 5068 2066 5126 aerea

80 5146 175 5201 2502.
186 5146 217 5211 1)
236 5144 282 5199 De
297 5145 423 5214 fugitivis
440 5150 464 5199 et
484 5143 592 5210 foedere
609 5139 771 5196 reaccende.
790 5138 1050 5207 Paumcsrmoproe·
1100 5139 1146 5193 aa
1166 5139 1250 5205 pluro
1271 5153 1341 5206 guae
1360 5135 1490 5191 Oolmaas
1511 5136 1613 5190 dudam
1629 5142 1783 5206 resumeret,
1806 5136 1839 5192 dc
1856 5137 1991 5193 Pollucem
2006 5154 2065 5194 suc·

78 5218 121 5272 bet
139 5214 251 5271 Ructat
268 5213 320 5267 VI.
339 5212 390 5266 185
407 5228 447 5282 eq.
1101 5221 1211 5274 castore,
1229 5206 1261 5260 de
1279 5205 1377 5270 Lusco,
1395 5205 1428 5259 de
1446 5204 1557 5261 Lemo

1100 4612 1303 4629 „-.........

1099 3277 1244 3358 suffectus
1265 3279 1332 3342 iam
1354 3278 1447 3342 otest.
1493 3278 1742 3343 Latterarrorum
1763 3281 1797 3342 ia
1824 3280 1995 3344 Germania
2014 3282 2066 3361 fu·
2160 3298 2161 3301 ’
