4778 5888
135 335 201 397 att
1046 335 1127 401 tttt
1148 354 1174 402 s.
1197 333 1229 404 d.
2070 344 2135 408 ets

136 530 218 586 runt
240 540 276 584 se
304 520 522 585 contrafacere
550 531 584 585 et
614 522 848 603 transfigurare
880 520 923 585 ed
951 522 1109 604 placitum
1158 523 1276 588 faciam
1298 523 1403 590 vitula
1423 546 1483 609 pro
1505 527 1670 612 frugibus,
1698 529 1768 611 ipse
1789 528 1915 594 venito:
1945 528 2030 611 quod
2051 530 2152 597 clim·

136 606 339 686 Principum,
362 625 422 670 nec
439 605 581 671 multum
602 614 719 673 curant
736 606 777 671 de
798 605 964 690 religione,
987 607 1052 672 nisi
1072 607 1108 671 in
1160 607 1355 674 Clithoveus
1375 612 1512 692 putabat
1532 614 1674 679 multum
1701 614 1807 680 iacere
1835 635 1894 697 pro
1916 613 2018 681 nobis.
2060 614 2133 683 Sed

137 701 299 774 quantum
316 694 419 757 servit
435 712 548 757 eorum
566 690 858 758 commoditatibus.
892 690 991 773 Quod
1008 693 1108 757 etiam
1159 695 1285 759 utinam
1308 694 1347 760 de
1369 716 1407 761 eo
1424 718 1594 781 nunquam
1612 700 1796 783 cogitasset.
1829 700 1890 766 llst
1907 712 2015 765 autem
2034 700 2134 767 valde

138 786 191 841 est
211 798 382 843 commune
403 777 439 840 in
462 777 559 842 curiis
569 778 771 860 Principum,
796 785 833 842 ut
854 799 918 843 non
940 778 1107 861 ignoratis.
1158 777 1330 844 ridiculum
1355 793 1388 844 et
1410 781 1598 864 absurdum,
1619 806 1720 867 quum
1738 784 1853 850 volens
1870 785 2006 868 probare
2024 794 2132 852 trans-

138 861 227 942 Quia
265 876 421 945 sequutus
454 864 532 929 estis
570 862 744 946 aliquando
777 863 910 929 curiam.
963 863 1008 929 Et
1047 864 1109 927 suit
1159 864 1466 932 substantiationem
1500 890 1541 934 ex
1574 869 1684 936 verbis
1716 871 1867 948 Domini,
1901 870 2008 938 dicitis
2040 872 2131 938 idem

137 949 256 1014 vitimn
290 968 462 1014 commune
494 946 534 1013 de
565 949 655 1013 omni
688 958 850 1032 tempore,
891 948 977 1014 sicut
1009 950 1108 1013 etiam
1159 971 1231 1015 esse
1259 974 1297 1016 ac
1325 951 1422 1034 vulgo
1451 952 1513 1019 dici
1541 954 1639 1033 solet,
1669 954 1707 1022 si
1734 957 1807 1037 quis
1836 955 1962 1038 pullum
1989 957 2131 1040 gallina·

138 1033 311 1110 Martialis,
330 1055 426 1117 quem
442 1055 501 1099 vce
519 1054 615 1116 saepe
632 1034 751 1118 legitis,
770 1035 852 1099 bene
866 1043 968 1111 notat,
987 1033 1108 1111 dicens,
1160 1056 1253 1134 ceum
1276 1038 1422 1135 petierit:
1447 1039 1555 1123 pullus
1573 1061 1668 1122 quem
1688 1062 1748 1125 ego
1768 1040 1851 1107 dabo
1872 1043 1936 1107 erit
1957 1062 2032 1107 caro
2053 1065 2128 1126 per·

277 1171 364 1223 Nemo
381 1186 444 1223 suos
462 1171 543 1232 theec
560 1180 600 1221 est
620 1171 696 1222 aulae
715 1177 812 1223 natura
830 1172 962 1240 potentis)
1160 1119 1241 1186 dmm
1265 1119 1528 1223 dehffltlffllmw:
1551 1147 1704 1207 ‘lumnam
1722 1125 1890 1226 lqdmtm'
1907 1148 1979 1192 ⁰⁸⁸⁰
1996 1127 2131 1226 (¹¹¹¹de

328 1238 382 1291 Sed
401 1239 502 1291 domini
520 1256 610 1292 mores
628 1239 805 1292 Caesarianus
823 1240 913 1294 habet.
1159 1207 1250 1306 lusus,
1273 1219 1556 1308 Praflffllsslawmm
1579 1221 1637 1276 flul
1652 1232 1864 1296 mabwmm·
1899 1211 1968 1279 N⁰⁰
1985 1234 2062 1279 V⁰f⁰
2081 1224 2130 1279 Μ

1160 1294 1265 1358 volurt
1287 1294 1439 1360 Christus
1460 1295 1573 1361 fallere
1596 1307 1723 1362 nostros
1745 1316 1870 1374 sensus,
1897 1307 1956 1363 aut
1977 1299 2128 1383 ambigue

226 1375 338 1456 Quare
367 1398 431 1440 non
464 1385 592 1460 oportet
619 1399 676 1442 vos
704 1386 773 1441 tam
802 1378 930 1442 fortiter
959 1379 1109 1460 impediri
1160 1378 1255 1462 loqui.
1300 1377 1434 1446 Adhaec
1463 1381 1691 1448 similitudines
1720 1383 1802 1448 tales
1831 1396 1910 1447 sunt
1930 1383 2127 1465 prophanae,

139 1461 181 1527 de
202 1462 414 1528 excusatione
436 1473 494 1526 aut
515 1461 702 1527 defensione
724 1462 1006 1541 Caesarianorum,
1029 1486 1109 1548 quos
1160 1477 1193 1529 et
1222 1464 1356 1548 sapiunt
1383 1466 1547 1547 quandam
1576 1469 1846 1552 gastrimargiam.
1901 1467 2041 1551 Oportet
2068 1490 2127 1535 nos

139 1548 247 1614 tacitis
286 1568 421 1631 magnes
460 1547 661 1613 consiliarios
699 1547 920 1632 Imperatoris.
977 1550 1108 1633 Alioqui
1160 1549 1264 1615 multo
1286 1551 1533 1616 reverentialius
1554 1552 1644 1636 loqui
1665 1552 1705 1617 de
1726 1566 1794 1618 tam
1815 1553 1945 1619 sublimi
1962 1557 2127 1638 mysterio.

139 1632 261 1698 dabitis
293 1633 508 1714 suspicionem
542 1633 627 1715 qnod
660 1635 739 1698 estis
771 1635 851 1716 ipsis
888 1634 1019 1712 similis,
1053 1648 1110 1701 aut
1161 1635 1401 1717 Consequentia
1422 1638 1533 1715 etiam,
1564 1659 1661 1720 quam
1684 1659 1741 1704 vos
1769 1638 1891 1717 facitis,
1919 1639 2015 1704 valde
2036 1640 2128 1706 rudis

56 1798 62 1809 Ι
138 1719 224 1802 quod
248 1718 375 1783 habetis
396 1739 472 1784 cum
494 1719 572 1802 ipsis
583 1718 722 1802 aliquam
734 1720 993 1804 intelligentiam.
1026 1722 1108 1788 Pro·
1161 1733 1195 1784 et
1216 1722 1317 1787 cruda
1339 1733 1396 1786 cst
1431 1723 1565 1805 Nempe,
1588 1724 1683 1789 divus
1705 1723 1829 1789 Paulus
1849 1725 2129 1809 inAotisAngelc

139 1805 194 1870 cul
223 1804 321 1869 dubio
352 1825 418 1869 non
446 1826 617 1887 possumus
639 1804 859 1884 dissimulare,
890 1804 977 1890 quod
1005 1807 1109 1872 facitis
1160 1806 1327 1871 revelante
1350 1806 1471 1883 didicit,
1494 1809 1579 1874 Ecce
1597 1809 1732 1874 donavit
1753 1807 1811 1874 tibi
1830 1807 1923 1874 Deus
1944 1811 2129 1893 omnesqui

139 1891 233 1956 nobis
255 1889 417 1968 iniuriam,
440 1891 570 1973 quando
588 1891 712 1956 vocatis
733 1891 806 1956 illos
823 1892 1006 1957 catholicos.
1042 1892 1110 1957 Sed
1161 1893 1319 1976 navigant
1352 1903 1467 1958 tecum.
1511 1892 1612 1958 Valet
1637 1894 1739 1978 igitur
1767 1895 1889 1960 Missae
1917 1895 2128 1961 sacrificinm:

139 1989 294 2043 transeat.
686 2029 696 2045 .
1160 1998 1228 2042 non
1249 1979 1280 2042 ei
1303 1989 1430 2043 tentum
1454 1979 1510 2060 qui
1532 1980 1645 2055 offert,
1675 2001 1790 2045 verum
1813 1989 1847 2044 et
1868 1981 1908 2044 iis
1929 2002 1989 2064 pro
2011 1983 2129 2064 quibus

227 2061 323 2144 Quod
345 2060 386 2127 ad
407 2060 613 2144 probationes
633 2075 667 2126 et
688 2062 864 2127 solutiones
889 2077 1011 2128 vestrae
1033 2066 1109 2128 atti·
1160 2062 1264 2127 offert.
1301 2063 1369 2128 Vos
1391 2063 1558 2130 debebatis
1580 2065 1660 2131 haec
1681 2065 1798 2130 melius
1821 2065 2049 2149 conglutinare
2070 2087 2128 2150 pro

139 2162 207 2225 net,
229 2149 433 2232 aliquantum
451 2148 543 2212 nobis
565 2148 677 2226 doluit,
697 2147 782 2230 quod
804 2148 940 2214 iniurias
963 2170 1059 2232 saepe
1076 2160 1111 2215 et
1159 2148 1308 2227 rudibus,
1338 2163 1372 2213 et
1393 2148 1571 2225 ostendere,
1600 2148 1759 2233 quomodo
1781 2150 1842 2215 hcc
1868 2152 2064 2218 sacrificium
2086 2154 2129 2218 sit

139 2236 288 2301 convicia
311 2233 365 2298 vel
391 2233 644 2298 exclamationes
671 2234 865 2299 invectorias
888 2255 947 2317 pro
976 2235 1109 2299 solutio·
1160 2234 1392 2316 applicativum
1414 2236 1539 2318 gratiae
1560 2237 1638 2313 Dei,
1670 2235 1830 2319 quomodo
1859 2234 1978 2301 dantur
1999 2238 2127 2303 animae

139 2321 238 2387 nibus
260 2331 293 2384 et
314 2318 494 2383 rationibus
516 2319 643 2400 ponitis.
677 2318 750 2383 Hoc
767 2320 853 2383 enim
873 2341 936 2384 non
956 2322 1109 2386 convenit
1159 2319 1329 2397 sacerdoti,
1350 2321 1612 2402 sicutApcstolo,
1635 2334 1669 2385 et
1685 2320 1840 2386 revelatio
1857 2322 1956 2386 etiam
1978 2323 2126 2405 specialis

139 2406 226 2491 stylo
265 2404 461 2487 theologico,
502 2406 557 2486 qui
597 2406 736 2485 requirit
773 2406 860 2470 bona
897 2405 1109 2470 fundamenta
1160 2404 1333 2488 aliquando
1362 2407 1426 2470 fiat.
1471 2404 1560 2485 Quid
1590 2408 1618 2470 si
1640 2407 1817 2489 Apostolus
1845 2408 1962 2473 cecinit
1988 2407 2124 2473 Missam

139 2494 315 2569 rationum,
337 2511 418 2572 quae
433 2502 604 2554 versentur
626 2492 712 2556 circa
733 2510 816 2555 rem:
840 2491 1011 2572 etquando
1030 2492 1107 2555 diri·
1159 2491 1195 2554 in
1219 2490 1275 2554 illa
1296 2492 1382 2566 navi,
1412 2513 1485 2557 cum
1509 2505 1578 2555 erat
1601 2494 1633 2555 in
1654 2492 1811 2575 periculo,
1841 2502 1874 2556 et
1902 2493 2001 2558 fuerit
2022 2495 2053 2558 ei
2074 2514 2125 2558 re·

137 2579 231 2662 gitur
245 2577 293 2640 ‘ad
323 2597 492 2658 personas,
523 2575 583 2641 hoe
607 2597 669 2640 non
700 2576 763 2640 uisi
785 2575 825 2641 de
851 2578 1045 2641 necessitate
1075 2588 1108 2642 et
1160 2576 1305 2641 velatum
1338 2576 1468 2657 quando
1508 2579 1638 2642 tenebat
1677 2578 1832 2654 hostiam,
1872 2578 1956 2659 quod
1996 2589 2127 2661 propter

139 2672 350 2729 transeunter
371 2661 443 2726 fieri
465 2661 568 2726 debet.
603 2660 743 2740 Quando
762 2682 822 2727 vos
843 2662 983 2727 studetis
1006 2662 1108 2727 videri
1158 2662 1265 2743 ipsum
1288 2682 1384 2726 nemo
1406 2661 1550 2744 periret?
1593 2663 1679 2727 Nam
1707 2672 1740 2728 et
1768 2663 1840 2727 sine
1860 2663 1957 2728 dubio
1986 2663 2126 2729 habebat

139 2750 278 2814 nimium
310 2747 473 2829 eloquens,
506 2746 652 2812 doctrina
684 2756 831 2812 remanet
861 2748 893 2810 in
927 2746 1017 2812 albis.
1061 2749 1109 2814 Ut
1159 2769 1269 2812 seeum
1292 2747 1442 2829 aliquem,
1465 2748 1520 2829 qui
1543 2757 1669 2830 poterat
1689 2748 1783 2831 fungi
1806 2749 1876 2815 vice
1896 2747 2014 2814 clerici
2058 2748 2126 2815 Sed

139 2834 286 2917 probetis
307 2832 475 2898 Christum
501 2832 683 2898 instituisse
712 2833 906 2897 sacrificium
929 2834 964 2896 in
986 2832 1105 2910 Coena,
1159 2832 1239 2897 haee
1271 2835 1379 2898 omnia
1408 2853 1468 2898 vos
1500 2833 1615 2899 melius
1647 2833 1860 2911 considerare,
1894 2842 1927 2903 et
1959 2855 2017 2916 pro
2050 2834 2126 2899 data

140 2941 199 2986 vos
221 2919 383 3001 exponitis
407 2919 542 2983 verbum
563 2918 668 2994 facite,
691 2919 877 2984 sacrificate.
918 2916 1014 2999 Quod
1035 2921 1106 3001 qui·
1158 2917 1250 2984 vobis
1270 2920 1377 3002 gratia
1397 2918 1616 2984 ferruminarc
1635 2918 1792 3003 poteritis.

140 3006 215 3071 dem
237 3026 303 3070 non
336 3005 574 3086 improbamus:
608 3003 665 3068 sed
694 3005 768 3086 quia
797 3003 879 3069 tales
910 3004 1106 3069 subtilitates
1244 3002 1341 3085 Quod
1360 3005 1477 3068 attinet
1493 3003 1534 3068 ad
1551 3026 1590 3069 ea
1608 3024 1691 3086 quae
1709 3003 1853 3087 probatis
1870 3005 1910 3069 ab
1928 3004 2126 3070 authoritate

139 3114 206 3156 non
229 3105 365 3173 possunt
381 3090 481 3173 vulgo
504 3089 613 3171 recipi,
636 3110 695 3153 nos
714 3090 884 3155 mallemus
906 3110 1035 3172 semper
1057 3112 1106 3154 re·
1159 3090 1348 3166 Doctorum,
1378 3102 1428 3153 est
1450 3098 1537 3155 certe
1564 3091 1648 3155 bona
1669 3091 1831 3172 probatio,
1862 3104 1895 3155 et
1917 3091 2069 3172 frequens
2091 3092 2127 3155 in

139 3197 271 3243 currere
293 3174 333 3240 ad
357 3174 561 3258 probationes
583 3187 616 3238 et
636 3173 873 3254 distinctiones,
901 3197 984 3258 quae
1005 3176 1106 3240 usita-
1157 3175 1326 3258 theologia

139 3274 191 3328 tae
213 3276 291 3328 sunt
318 3261 351 3326 in
380 3261 507 3326 schole:
540 3260 616 3343 quia
639 3260 699 3325 hoe
721 3282 850 3343 semper
877 3274 926 3325 est
952 3263 1106 3327 securius.
1245 3260 1312 3326 Sed
1329 3261 1385 3325 isti
1404 3260 1559 3326 haeretici
1575 3259 1681 3325 locum
1699 3259 1793 3324 illum
1812 3260 1983 3325 admittere
2001 3260 2125 3337 nolunt,

137 3348 224 3413 Nam
243 3347 378 3411 verbum
400 3346 542 3412 faciendi
565 3355 631 3409 tam
650 3346 802 3428 generale
822 3340 880 3424 est,
904 3355 941 3409 ut
957 3347 1108 3412 omnibus
1159 3347 1221 3411 nisi
1243 3346 1283 3409 ab
1306 3346 1505 3411 authoritate
1525 3346 1597 3422 Dei,
1620 3347 1681 3411 hoc
1702 3357 1754 3410 est
1775 3354 1907 3410 sanctae
1925 3344 2124 3428 Scripturae.

137 3435 221 3500 actis
249 3433 426 3498 convenire
458 3433 560 3514 possit
586 3442 619 3495 et
651 3432 771 3514 exponi
801 3431 896 3497 debet
928 3431 1106 3497 secundum
1158 3430 1298 3513 Oportet
1323 3432 1424 3513 igitur
1447 3432 1588 3514 allegare
1611 3430 1768 3497 Doctores
1795 3429 1876 3495 bene
1898 3430 2124 3510 authorisatcs,

137 3518 319 3584 subiectam
357 3520 538 3582 materiem.
590 3518 704 3599 Neque
743 3539 824 3601 opus
863 3518 926 3581 fuit
965 3517 1106 3581 multum
1158 3529 1192 3580 et
1221 3537 1263 3581 ex
1291 3519 1330 3581 iis
1360 3516 1519 3582 adducere
1542 3538 1652 3581 veram
1682 3516 1985 3599 interpretationem
2015 3537 2126 3583 sacrae

137 3604 346 3680 Hebraisare,
370 3615 403 3667 et
422 3603 794 3688 allegareMinieterium
813 3602 868 3684 qui
890 3614 955 3667 etat
976 3623 995 3666 a
1017 3616 1108 3684 parte
1159 3602 1356 3682 Scripturas.
1400 3600 1487 3681 Quia
1516 3615 1595 3668 tunc
1619 3623 1678 3667 vos
1705 3603 1834 3684 ponetis
1862 3624 1915 3667 eos
1943 3601 1983 3666 ad
2005 3612 2125 3666 metam

137 3692 301 3772 ipsorum:
331 3692 405 3771 quia
429 3689 484 3753 ubi
506 3688 635 3772 Moyses
655 3689 773 3770 accipit
801 3688 907 3758 facere
929 3709 987 3770 pro
1010 3690 1108 3753 sacri·
1159 3709 1222 3752 non
1256 3687 1352 3769 loqui.
1398 3685 1463 3751 Sed
1494 3689 1522 3752 si
1551 3685 1746 3753 canonistas
1776 3688 1830 3752 vel
1858 3685 2125 3768 Quaestionarios
2181 3701 2183 3705 ’

137 3777 251 3852 ficare,
278 3775 345 3841 illic
373 3788 509 3857 apparet
531 3797 570 3837 ex
599 3773 672 3838 aliis
695 3774 816 3849 verbis,
847 3773 899 3838 vel
929 3774 1106 3850 sacrificiis,
1158 3782 1287 3837 tantum
1310 3794 1367 3855 pro
1394 3771 1568 3837 fundandis
1597 3774 1801 3856 argumentis
1823 3773 1939 3839 vestris
1966 3773 2125 3857 allegatis,

139 3861 191 3926 vel
225 3860 414 3936 holocausti,
450 3861 500 3923 vel
533 3859 714 3935 oblationis,
747 3881 811 3941 qua
844 3858 884 3923 de
913 3878 949 3924 re
982 3872 1106 3943 agatur.
1158 3879 1217 3924 vos
1239 3858 1322 3924 nihil
1353 3857 1469 3923 facitis.
1515 3856 1667 3923 Videmus
1686 3857 1769 3923 bene
1798 3860 2028 3941 paternitatem
2051 3879 2124 3922 ves·

139 3945 236 4028 Quod
259 3947 340 4012 bene
363 3943 601 4010 consideratum
624 3945 686 4008 fuit
710 3944 750 4008 ab
772 3944 930 4020 omnibus,
954 3945 1109 4026 quisunt
1158 3954 1243 4009 tram
1267 3944 1425 4009 evolvisse
1446 3943 1565 4007 multos
1587 3942 1696 4022 libros,
1719 3954 1752 4007 et
1773 3945 1922 4026 antiquos
1943 3954 1976 4007 et
1996 3943 2124 4008 moder·

137 4033 227 4097 inter
260 4056 319 4096 nce
351 4031 438 4097 docti
471 4031 504 4094 in
537 4031 651 4114 lingua
683 4031 854 4096 Hebraico.
905 4032 999 4095 Tunc
1030 4051 1108 4095 vero
1158 4050 1232 4094 nos:
1263 4029 1318 4095 sed
1350 4028 1502 4110 allegatio
1532 4037 1643 4093 tantae
1663 4028 1882 4094 multitudinis
1910 4028 1994 4093 nihil
2021 4029 2123 4094 servit

139 4120 296 4201 temporis
318 4117 475 4181 sacrificia
490 4117 629 4180 'luerunt
650 4118 683 4180 in
706 4139 776 4181 usti.
815 4115 874 4181 Isti
899 4128 1007 4181 autem
1030 4116 1106 4180 hae-
1158 4116 1222 4179 nisi
1241 4115 1282 4179 ed
1304 4112 1505 4180 farciendum
1524 4113 1669 4179 chartas:
1693 4112 1965 4196 quemadmodum
1987 4114 2123 4196 legistae

138 4205 231 4270 retici
262 4201 480 4286 praetendunt
508 4201 592 4282 quod
620 4223 708 4267 nunc
734 4204 865 4266 cumino
895 4202 1015 4266 abolita
1042 4203 1108 4266 sint
1157 4201 1281 4266 iaciunt
1303 4220 1402 4264 unum
1427 4220 1582 4282 magnum
1604 4210 1796 4281 apparatum
1826 4200 1862 4264 in
1889 4199 1956 4263 suis
1977 4197 2123 4262 lectioni·

138 4312 199 4373 per
226 4289 421 4354 sacrificium
443 4288 583 4351 Christi:
613 4300 647 4353 et
673 4286 759 4369 quod
785 4308 884 4352 coena
906 4286 1042 4351 Domini
1064 4288 1108 4350 sit
1158 4286 1218 4350 bus
1240 4288 1292 4350 vel
1314 4286 1348 4349 in
1372 4285 1517 4369 scriptis,
1548 4284 1587 4347 de
1609 4285 1795 4349 nominibus
1816 4293 1849 4349 et
1871 4282 2123 4349 authoritatibus

139 4373 404 4441 commemoratio
427 4373 589 4448 sacrificii,
623 4394 689 4437 non
712 4373 924 4438 sacrificium:
959 4385 990 4437 et
1022 4371 1107 4453 quod
1157 4392 1290 4436 suorum
1331 4370 1506 4448 doctorum,
1548 4380 1580 4434 et
1619 4368 1783 4451 reliquunt
1821 4368 2123 4451 interpretationem

137 4460 220 4525 illud
243 4460 355 4525 Facite
376 4460 516 4522 refertur
543 4458 583 4522 ad
612 4461 770 4524 actionem
793 4458 883 4522 illam
906 4468 938 4521 et
966 4457 1107 4523 celebra·
1158 4466 1318 4521 textuum.
1372 4455 1408 4521 si
1442 4458 1486 4519 ita
1523 4456 1695 4531 faciamus,
1735 4455 1845 4521 dicent
1877 4454 1912 4517 in
1944 4475 2003 4518 noe
2036 4450 2123 4536 quod

139 4547 262 4611 tionem
293 4545 502 4620 sacramenti,
532 4556 566 4608 et
594 4544 855 4610 distributionem
877 4544 971 4626 panis
993 4544 1107 4607 Domi·
1158 4542 1314 4622 Quintius
1335 4542 1391 4606 ille
1413 4543 1583 4606 Romanus
1611 4541 1646 4604 in
1667 4541 1776 4622 copias
1797 4538 1950 4604 Antiochi
1971 4538 2122 4604 faeenose

138 4633 222 4696 nici:
252 4631 336 4714 quod
358 4629 398 4694 de
420 4628 583 4694 offerendo
608 4630 658 4695 vel
681 4628 846 4694 adorando
867 4651 952 4712 pane
974 4628 1108 4693 nullae
1159 4628 1249 4691 dixit.
1293 4628 1417 4710 Nempe
1438 4626 1524 4690 idem
1547 4647 1625 4703 esse,
1654 4626 1736 4708 quod
1760 4622 1984 4691 Chalcidensis
2004 4624 2123 4707 hospes

137 4715 271 4783 Christo
294 4716 346 4780 vel
368 4714 472 4780 Paulo
502 4717 539 4780 fit
567 4715 699 4780 mentio.
745 4713 797 4779 Ad
819 4716 881 4779 hoc
909 4715 1053 4796 praecise
1075 4723 1109 4777 et
1158 4714 1244 4791 eius,
1273 4712 1370 4777 homo
1394 4714 1495 4778 bonae
1517 4713 1650 4786 charae,
1680 4720 1715 4775 ut
1740 4709 1837 4794 vulgo
1860 4709 1923 4773 dici
1945 4709 2041 4789 solet,
2069 4730 2120 4774 re-

137 4802 357 4887 peremptorie
380 4801 642 4882 respondendum
660 4810 745 4865 oret:
776 4799 992 4864 stutendum
1015 4799 1108 4864 bonis
1157 4798 1289 4881 spondit
1320 4797 1550 4880 quaerentibus
1587 4796 1673 4861 unde
1704 4796 1963 4878 recuperavisset
1996 4803 2120 4860 tanum

137 4889 265 4970 glossis,
288 4904 321 4953 et
342 4885 493 4951 omnibus
515 4885 704 4964 condituris,
727 4886 843 4968 quibus
862 4906 979 4966 panem
1002 4897 1107 4949 trans·
1158 4885 1365 4949 venationem
1386 4884 1442 4948 illo
1462 4895 1607 4964 tempore
1629 4883 1715 4959 anni,
1745 4883 1821 4963 quia
1841 4889 1912 4945 erat
1933 4879 2120 4946 solstitium:

137 4975 357 5039 substantiare
379 4994 416 5037 ac
438 4973 619 5036 sacrificare
649 4972 800 5037 solemus.
846 4970 975 5052 Alioqui
999 4970 1109 5036 dicent
1157 4968 1310 5035 videlicet
1331 4991 1443 5036 omnes
1470 4968 1543 5033 illos
1564 4968 1652 5033 cibos
1672 4989 1716 5032 ex
1738 4987 1833 5049 porco
1855 4965 2031 5031 domestico
2055 4965 2122 5030 fac·

137 5060 299 5124 sacrificia
320 5069 431 5122 nostra
452 5079 523 5122 esse
550 5057 672 5123 similia
693 5056 859 5123 sacrifieiis
881 5056 1106 5136 Pegancrum:
1157 5063 1217 5132 tos,
1240 5054 1298 5119 sed
1320 5056 1367 5120 ita
1389 5054 1621 5122 diversificatcs
1643 5052 1819 5118 conditura.
1853 5051 1907 5116 Ita
1928 5051 2026 5115 etiam
2048 5049 2123 5114 illas

135 5166 197 5210 nee
225 5145 421 5210 erubescunt
449 5144 548 5209 etiam
579 5144 686 5209 dicere
716 5141 885 5207 deteriora.
929 5142 1024 5206 Sicut
1044 5141 1106 5224 ipsi
1156 5150 1271 5225 gentes
1304 5153 1477 5206 extraneas
1510 5151 1543 5203 et
1575 5137 1749 5216 inauditae,
1778 5137 1901 5213 Dahae,
1932 5135 2056 5212 Medos,
2089 5147 2125 5200 ct

135 5230 281 5316 allegant
298 5233 331 5295 in
362 5229 553 5294 derisionem
566 5240 712 5296 nostram
731 5227 810 5292 illud
821 5227 972 5309 Vergilii,
995 5227 1107 5307 Quum
1157 5227 1237 5291 alios
1260 5225 1301 5289 de
1322 5227 1439 5310 quibus
1461 5249 1496 5292 se
1513 5224 1653 5291 iactabat
1671 5222 1864 5300 Antiochus,
1886 5241 1999 5286 omnes
2016 5219 2123 5303 Syros

1862 5321 1915 5376 23·
