4688 5902
1050 345 1311 415 EPIS'POLAE
1334 347 1544 410 tata—2665
2231 346 2286 412 540

304 355 366 418 539

302 542 425 606 riorum
447 539 548 606 iubilo
558 543 584 615 ³)
606 538 855 621 nostrorumque
873 535 992 603 dolore.
1026 536 1084 603 Sic
1106 556 1125 600 a
1146 534 1271 599 Frena·
1321 532 1408 617 quod
1430 535 1586 600 infectum
1608 535 1679 599 tisri
1701 557 1767 600 non
1786 543 1892 617 potest
1912 557 1990 620 rogo
2013 545 2046 601 te
2068 544 2108 600 nt
2129 535 2286 611 emendes,

300 625 408 691 'ferdia
429 635 463 690 et
483 623 715 708 Haydelberge
735 624 920 688 nunciatur.
966 623 1193 688 Confessiones
1217 619 1272 685 dc·
1322 641 1364 683 ne
1386 618 1465 703 quid
1492 621 1684 703 suspicionis
1710 621 1764 687 hic
1786 623 1949 707 gignatur,
1972 620 2058 704 quod
2082 620 2177 686 nobis
2196 621 2288 704 pluri·

302 719 354 777 cet
379 731 449 776 esse
477 709 581 775 claras
610 718 644 774 et
670 709 804 774 minime
832 708 1001 773 involutas
1029 715 1086 773 aut
1104 706 1272 789 ancipites,
1320 726 1412 770 mum
1435 718 1558 771 noceat.
1604 706 1689 771 Nam
1718 727 1796 772 sane
1822 709 1923 774 miror
1945 709 1985 772 Ι).
2009 706 2234 790 Bullinperurn
2252 709 2287 772 ab

287 790 337 861 'in
358 797 398 861 iis
420 797 593 879 praecipue
615 793 655 859 de
672 795 788 878 quibus
800 796 1060 859 controvertitur.
1095 794 1167 877 Ego
1185 799 1272 856 certe
1322 812 1360 857 eo
1382 803 1528 873 tempore
1555 793 1639 856 nihil
1660 814 1793 876 prorsus
1816 792 1857 858 ad
1875 814 1928 858 me
1948 795 2125 875 scripsisse.
2140 795 2169 873 ⁷)
2212 792 2288 859 Utut

301 881 489 948 huiusmodi
517 880 752 946 confessionem
781 901 887 963 noque
916 880 1066 957 facerem,
1098 898 1203 962 neque
1231 877 1271 941 ab
1322 878 1373 954 sit,
1396 877 1478 942 mihi
1496 878 1576 943 satis
1588 880 1694 956 fuerit,
1717 880 1745 944 si
1759 880 1980 961 imprudentia
2000 880 2052 943 vel
2063 890 2288 962 praeposterus

301 967 375 1032 aliis
397 967 501 1031 factae
524 975 582 1031 aut
603 966 805 1048 conscriptae
827 964 1072 1031 subscriberem.
1109 964 1272 1045 Cuperem
1321 975 1428 1027 metus
1459 963 1625 1027 amalitia
1654 974 1687 1027 et
1715 965 1921 1047 improbitate
1948 964 2182 1048 distinguatur.
2229 963 2288 1029 Sed

300 1061 410 1118 autem
431 1073 451 1116 a
472 1061 504 1116 te
532 1053 631 1117 talem
654 1073 719 1117 non
741 1074 812 1117 esse
835 1051 1023 1128 exhibitam,
1048 1052 1075 1116 si
1097 1050 1192 1114 modo
1214 1068 1272 1130 per
1324 1049 1403 1114 haec
1437 1051 1546 1113 omnia
1571 1059 1644 1114 tuae
1674 1048 1865 1133 prudentiae
1896 1050 2100 1115 aestimanda
2135 1049 2287 1133 relinquo,

299 1147 334 1203 te
355 1148 405 1204 est
433 1138 588 1203 exhibita.
643 1137 736 1203 Idem
768 1135 914 1202 iudicant
937 1158 1064 1202 mecum
1094 1146 1127 1199 et
1155 1132 1273 1216 reliqui
1322 1135 1379 1218 qui
1397 1136 1458 1200 hoc
1486 1156 1569 1201 onus
1598 1138 1633 1200 in
1651 1148 1683 1200 te
1710 1139 1917 1219 receperis.⁸)
1969 1136 2183 1201 Vale-randum
2203 1158 2289 1218 opor-

300 1225 357 1306 qui
385 1223 550 1289 viderunt.
603 1222 799 1305 Quanquam
828 1224 939 1304 paucis
968 1222 1074 1287 adhuc
1098 1223 1169 1286 cius
1186 1220 1273 1284 facta
1322 1229 1431 1287 tuerat
1452 1243 1512 1286 nos
1534 1224 1657 1303 priores
1675 1223 1854 1308 monere,⁹)
1873 1223 2130 1287 ctmirorctiam
2149 1223 2191 1286 D.
2205 1221 2288 1287 Mar·

302 1309 345 1374 sit
373 1311 472 1392 copis.
515 1307 607 1374 Vale.
653 1307 746 1374 Salvi
776 1310 843 1373 sint
873 1307 916 1372 D.
938 1306 1097 1385 Caluinus,
1121 1306 1162 1372 D.
1187 1304 1273 1370 Pbo-
1323 1313 1419 1390 tprern
1442 1321 1509 1371 tam
1532 1329 1629 1391 parce
1652 1309 1803 1386 scribere,
1826 1329 1868 1373 ex
1889 1329 1952 1392 quo
1970 1329 2048 1373 saue
2071 1328 2227 1390 cuperem
2244 1309 2287 1372 iu·

300 1396 396 1461 retius
417 1405 451 1461 st
472 1394 588 1477 reliqui
609 1395 736 1460 fratres.
780 1395 895 1477 Tiguri
921 1399 968 1458 16.
992 1394 1070 1458 Iulii
1096 1397 1185 1456 1557.

738 1767 836 1835 211113.

609 1904 730 1968 ΒΕΖΑ
752 1903 965 1970 CALVINO.

390 2059 498 2140 Loupu
519 2063 547 2122 et
565 2058 711 2140 ombipuu
733 2060 890 2123 eunomio
919 2059 1122 2141 confessionis
1140 2059 1175 2123 in
1197 2060 1274 2123 Ger-

304 2147 414 2211 manic
432 2144 470 2210 ab
491 2145 560 2225 ipso
580 2149 607 2208 et
625 2143 751 2208 Furetto
772 2145 905 2226 scriptae
926 2151 954 2208 et
973 2145 1091 2209 edentii
1112 2143 1149 2208 de
1170 2146 1275 2210 eudem

300 2236 372 2313 post
410 2231 546 2296 reditum
588 2229 748 2294 ebremud.
806 2228 931 2295 Gabini
963 2229 1073 2294 uttinm
1106 2231 1275 2295 udusonitio

304 2315 467 2382 ermroues
489 2336 526 2380 ns
547 2315 656 2378 irritet.

304 2486 361 2552 Ex
378 2486 545 2554 autographo
572 2484 636 2538 Ood.
662 2484 763 2537 Gener.
786 2483 841 2550 117,
858 2484 904 2538 sol.
922 2484 964 2537 29.
999 2486 1103 2539 Ibidem
1120 2487 1166 2538 lol.
1184 2485 1219 2539 28
1237 2488 1275 2539 le·

305 2555 378 2623 gitur
395 2554 515 2608 ciusdem
533 2553 716 2673 apographon.
749 2553 825 2633 Alibi
843 2570 897 2633 non
915 2557 1039 2607 occurrit.
1066 2555 1161 2609 Edidit
1179 2557 1275 2608 Baum.

557 2623 576 2674 l.
594 2621 629 2674 46
648 2661 655 2676 .
689 2622 823 2690 inscripto
841 2621 1031 2687 desideratur.)

390 2792 425 2858 S.
448 2792 495 2859 Ut
515 2793 621 2876 magis
650 2793 749 2858 etiam
771 2794 899 2858 mireris
921 2802 1066 2859 nostram
1088 2794 1275 2877 impruden·

305 2880 396 2958 dam,
426 2899 493 2942 nou
526 2899 635 2943 errore
661 2886 791 2944 tantum
825 2879 882 2944 sed
915 2890 1121 2962 praepostero
1149 2901 1276 2964 quoque

304 2965 423 3030 iudicio
437 2967 461 3044 ¹)
494 2964 616 3030 lactum
649 2976 708 3040 est,
742 2977 779 3028 ut
811 2965 905 3031 istius
936 2967 1047 3048 scripti
1074 2967 1188 3050 'ligari
1210 2987 1275 3031 non

304 3050 559 3116 meminerimus.
601 3050 687 3115 Nam
714 3051 791 3133 quia
813 3072 886 3134 spes
908 3059 980 3116 erat
997 3052 1189 3117 instituendi
1211 3052 1276 3116 col·

304 3135 413 3219 loquii‚
438 3143 471 3200 et
499 3134 695 3200 verebamur
716 3158 758 3200 ne
780 3137 853 3218 quis
874 3138 1017 3202 offensus
1040 3137 1191 3217 resiliret,
1209 3159 1276 3202 non

303 3222 493 3305 putavimus
520 3219 674 3303 expedire
703 3231 741 3286 ut
762 3223 867 3305 ipsum
888 3223 1048 3306 scriptum
1072 3244 1110 3288 eo
1133 3233 1276 3306 tempore

305 3307 525 3371 exhiberetur.
536 3311 565 3385 2)
607 3307 660 3372 De
691 3305 870 3391 Martyress)
892 3308 1022 3391 quidem
1043 3309 1127 3374 nihil
1149 3309 1275 3375 dubita·

304 3394 430 3470 bamus,
449 3391 506 3457 sed
530 3392 719 3457 videbamus
740 3393 810 3458 fore
831 3404 868 3458 ut
889 3415 964 3459 enm
987 3393 1221 3460 adduceremus
1243 3396 1276 3459 in

304 3477 463 3543 invidiam
486 3479 523 3556 si,
547 3476 632 3561 quod
650 3475 782 3543 tandem
801 3478 1005 3544 intellectum
1027 3489 1122 3558 esset,
1146 3501 1220 3545 eum
1240 3501 1277 3545 eo

304 3585 371 3628 uno
392 3563 473 3628 haec
500 3563 839 3629 communicassemus.
884 3565 958 3630 Nou
977 3567 1148 3650 sperabam
1167 3575 1276 3631 autern

304 3649 369 3714 ista
390 3650 511 3713 nostris
541 3649 736 3714 adversariis
765 3648 844 3716 adeo
876 3667 972 3734 grata
997 3653 1066 3717 fore
1088 3662 1125 3716 ut
1146 3654 1192 3716 ita
1214 3653 1277 3718 cito

305 3732 449 3818 dispergi
471 3734 602 3799 vellent.
612 3739 640 3810 ⁴)
686 3731 753 3800 Sed
782 3735 951 3818 prudentis
972 3737 1116 3802 hominis
1138 3759 1206 3802 non
1228 3745 1278 3802 est

304 3819 428 3886 dicere:
460 3842 525 3884 non
554 3820 717 3904 putabam.
769 3822 850 3885 Dixi
880 3844 951 3907 ego,
981 3823 1079 3888 homo
1107 3825 1277 3907 imperitus

304 3915 347 3983 et,
375 3916 533 3988 quantum
563 3907 629 3971 iam
660 3928 791 3991 possum
814 3907 935 3987 videre,
960 3909 1054 3974 valde
1074 3908 1276 3991 imprudens,

305 3990 434 4057 Fureilo
462 4003 589 4057 nostro:
620 3992 704 4058 hauc
721 4014 792 4058 esse
812 4015 919 4059 meam
941 3995 1145 4059 seutentiam.
1160 3995 1186 4079 ⁵)
1225 3995 1278 4079 Ip-

303 4078 373 4142 sius
406 4086 478 4142 erat
507 4078 635 4144 acutius
670 4080 704 4142 in
745 4078 797 4145 his
825 4079 922 4145 rebus
954 4101 1096 4146 cernere.
1109 4081 1135 4165 6)
1180 4080 1277 4145 Nunc

304 4218 507 4227 ——.,

406 4298 434 4365 3)
459 4299 540 4354 Vides
553 4297 713 4353 Palatinum
730 4307 755 4354 et
771 4301 1034 4370 Wirtenberpensem
1050 4318 1110 4357 cunr
1129 4304 1190 4357 suis
1206 4303 1277 4357 tiseo-

303 4369 372 4437 lepis
389 4368 457 4422 lecta
474 4369 523 4422 uu
540 4368 708 4434 confessione
723 4370 781 4423 ianr
797 4386 907 4438 paeone
924 4380 1051 4426 cunmme
1067 4373 1149 4441 quusi
1160 4372 1279 4426 Heluetii

304 4438 335 4489 in
352 4443 445 4490 castra
464 4436 685 4492 Lutlserunoruns
703 4440 884 4492 sonuissent.

305 4504 436 4570 26631)
455 4505 511 4558 Hic
527 4506 584 4558 ium
601 4505 681 4560 aliter
699 4523 732 4561 ac
749 4516 837 4574 nuper
855 4508 893 4561 ud
911 4507 1054 4562 Caluinum
1074 4509 1112 4563 N.
1131 4507 1207 4561 2646.

408 4572 439 4639 2)
456 4573 532 4627 Besa
549 4574 587 4627 ad
604 4589 690 4642 murp.
708 4575 801 4630 addit:
823 4575 993 4645 Colloquium
1011 4595 1027 4630 a
1044 4578 1123 4631 nobis
1144 4595 1204 4630 cum
1223 4578 1276 4631 An·

306 4641 384 4722 drea‘
398 4642 534 4707 habitum,
561 4659 595 4696 ex
622 4659 676 4711 quo
702 4644 834 4713 scriptum
861 4645 928 4698 illud
952 4652 1044 4698 natum
1072 4652 1127 4711 est,
1154 4646 1208 4699 illis
1231 4663 1276 4699 ex·

307 4726 501 4845 posmmdl’df.
519 4779 608 4859 Buum
627 4781 648 4834 1.
667 4779 726 4832 ata.
765 4780 892 4862 Scbmidt
916 4783 1001 4836 Verm.
1019 4781 1079 4836 210.

408 4846 439 4912 4)
457 4848 612 4902 Hestusrus
633 4850 658 4902 t.
677 4855 695 4903 t.
719 4850 944 4916 superintendens
962 4851 1198 4921 Heidelberpensis
1218 4868 1277 4905 eum

308 4915 475 4985 subornat,
493 4917 550 4970 sed.
568 4924 598 4971 ut
614 4919 811 4972 concessionem
820 4920 990 4975 Lutlseranis
1005 4919 1117 4988 suctum,
1134 4937 1190 4974 non
1207 4922 1279 4989 typis

307 4985 414 5053 quidem
432 4986 596 5053 descriptum
612 4987 659 5039 sed
677 4989 739 5068 mou
758 4994 863 5070 coeeflet
880 5004 964 5042 manu
981 4992 1118 5057 scriptam.
1146 4989 1279 5043 Pollusca

307 5055 600 5184 1111111111ἱῖ
617 5054 915 5191 tttttttt..

360 5257 365 5268 Ι
409 5189 440 5255 6)
462 5190 576 5258 Oulpanr
593 5207 656 5260 erpo
678 5194 710 5247 in
726 5194 853 5262 tulupam
870 5194 961 5249 reiicit
977 5196 1102 5262 quamuis
1120 5196 1149 5248 in
1167 5194 1217 5249 boe
1234 5210 1277 5248 ne·

307 5262 381 5321 potio
397 5260 466 5312 satis
483 5261 623 5315 insontem.
948 5291 950 5295 ν

1325 1392 1645 1477 telligerequaenam
1664 1395 1731 1458 sint
1751 1393 2043 1459 illaeduriusculae
2066 1404 2100 1459 et
2122 1394 2288 1478 ambiguae

1326 1500 1429 1555 voces,
1468 1500 1548 1561 quas
1583 1487 1693 1544 tamen
1727 1480 1878 1563 inprimis
1915 1481 2017 1545 vitare
2044 1477 2167 1556 studui,
2194 1480 2288 1562 quoad

1325 1567 1394 1629 eius
1422 1567 1493 1629 ficri
1520 1566 1633 1647 potuit.
1681 1564 1748 1631 Sed
1777 1586 1815 1630 eo
1843 1578 1987 1649 tempore
2015 1567 2174 1630 nimirum
2207 1566 2289 1631 nobis

1324 1654 1525 1734 propositum
1561 1672 1627 1715 non
1662 1660 1732 1717 erat
1760 1660 1867 1717 totum
1893 1661 2125 1736 argumentum
2148 1663 2289 1729 tractare,

1325 1736 1381 1801 sed
1404 1758 1457 1802 eos
1479 1739 1586 1821 potius
1597 1738 1787 1819 quibuscum
1810 1738 1902 1803 nobis
1924 1746 1995 1803 erat
2013 1739 2182 1822 negotium
2206 1739 2237 1802 id
2249 1748 2290 1804 cst

1327 1823 1493 1896 Ditlerum,
1516 1825 1687 1902 Andrean,
1707 1824 1945 1908 Aupeiondrune
1967 1824 2007 1888 ab
2029 1823 2086 1887 illo
2107 1825 2236 1890 fervore
2256 1823 2289 1890 ad

1326 1908 1579 1974 moderationem
1610 1910 1751 1992 aliquam
1781 1909 1949 1983 adducere,
1980 1932 2045 1993 qua
2076 1911 2112 1974 in
2141 1931 2178 1975 re
2207 1931 2289 1993 spero

1327 2016 1386 2060 uos
1408 2016 1540 2078 operam
1559 2017 1625 2059 nou
1644 1996 1770 2061 lusisse.
1786 1999 1827 2072 10)
1867 1995 1946 2061 Ideo
1964 1996 2086 2062 lactum
2105 2007 2157 2062 est
2178 2008 2216 2061 ut
2236 1997 2289 2062 duo

1326 2080 1382 2146 illa
1411 2082 1519 2165 capita
1539 2082 1575 2145 in
1599 2081 1715 2164 quibus
1739 2083 1813 2148 illos
1841 2083 1907 2148 scio
1935 2085 2129 2148 nominatim
2157 2105 2177 2148 a
2207 2085 2289 2150 nobis

1326 2167 1482 2232 dissidere
1508 2188 1574 2232 non
1600 2167 1774 2251 attigerim,
1805 2191 1920 2252 nempe
1936 2170 2136 2234 infinitatem
2158 2173 2289 2254 corporis

1327 2252 1451 2318 Christi
1470 2261 1503 2318 et
1523 2252 1703 2318 infidelium
1718 2253 2010 2333 manducationem,
2029 2260 2070 2331 ¹¹)
2093 2270 2287 2339 quaetameu

1326 2349 1437 2421 aperte
1467 2361 1509 2403 ex
1539 2339 1611 2403 istis
1640 2340 1801 2405 concessis
1825 2340 2027 2405 refelluntur.
2080 2341 2148 2407 Sed
2179 2343 2241 2420 ille,
2254 2345 2287 2424 ¹²)

1327 2425 1410 2489 nihil
1438 2425 1560 2509 cogitat
1588 2424 1652 2490 nisi
1673 2426 1820 2491 fortassis
1842 2426 1903 2492 hoc
1925 2449 2027 2491 unum
2049 2429 2181 2511 utplus
2203 2448 2287 2512 quam

1327 2512 1443 2594 reliqui
1468 2531 1581 2593 sapore
1609 2510 1766 2577 videatur.
1810 2512 1944 2579 Utinam
1968 2534 2045 2579 vcro
2071 2515 2237 2580 Dominus
2255 2513 2287 2579 ab

1328 2599 1418 2747 isti?11
1410 2597 1588 2662 ambitiosis
1611 2606 1643 2662 et
1655 2597 1850 2663 turbulentis
1861 2598 2002 2682 ingeniis
2014 2599 2186 2665 ecclesiam
2208 2621 2286 2665 susm

1327 2686 1383 2749 vin
1410 2684 1479 2748 'cet

1336 2808 1337 2811 =
1413 2771 1516 2834 'luam
1548 2769 1705 2834 adversus
1723 2769 2021 2855 Magdeburgeuses
2054 2773 2285 2854 responsionem

1330 2875 1394 2920 non
1418 2856 1540 2934 dubito,
1562 2875 1776 2938 quaecunque
1806 2854 1936 2920 taudem
1955 2858 2007 2933 sit,
2031 2855 2125 2921 bonis
2143 2869 2177 2921 et
2198 2856 2285 2922 doctis

1329 2941 1531 3023 placituram.
1580 2940 1647 3005 Sed
1677 2949 1788 3006 tamen
1811 2940 1943 3006 mallem
1965 2943 2119 3025 prolecto,
2141 2952 2179 3008 ut
2196 2942 2284 3008 dicam

1328 3026 1414 3110 quod
1442 3047 1494 3092 rcs
1525 3036 1583 3103 est,
1617 3027 1719 3091 solam
1749 3048 1881 3093 causam
1910 3028 2038 3112 attingi,
2061 3049 2104 3093 ne
2126 3030 2189 3096 hac
2209 3047 2283 3093 occa·

1329 3117 1420 3179 sione
1448 3135 1522 3197 spes
1550 3112 1609 3177 illa
1633 3113 1791 3196 colloquii,
1815 3113 2101 3196 quantulacunque
2123 3123 2182 3195 est,
2204 3115 2282 3179 amit

1329 3206 1426 3263 tatur.
1440 3203 1482 3274 18)
1528 3197 1595 3264 Sed
1633 3198 1766 3263 modum
1804 3197 1859 3264 hio
1890 3199 1950 3264 tibi
1981 3201 2202 3281 praescribere
2230 3219 2281 3263 uon

1329 3284 1476 3367 iniquum
1499 3284 1594 3348 modo
1617 3284 1673 3348 sed
1696 3285 1787 3349 nefas
1808 3284 1905 3349 etiam
1929 3307 2000 3351 esse
2016 3293 2107 3368 puto.
2149 3288 2236 3370 Rogo
2253 3291 2281 3348 ut

1329 3369 1485 3453 quidquid
1503 3371 1668 3452 scripsisti,
1691 3371 1727 3434 in
1749 3379 1895 3453 tempore
1917 3371 2063 3436 habeam.

1413 3456 1544 3521 Nudius
1571 3456 1686 3521 tertius
1715 3455 1757 3520 ad
1779 3466 1811 3521 tc
1839 3457 1955 3540 scripsi
1970 3459 2011 3531 ¹⁴)
2041 3478 2102 3522 nos
2124 3458 2160 3522 iu
2180 3473 2279 3539 magns

1328 3542 1547 3606 sollicitudine
1570 3539 1703 3606 esseda
1733 3553 1841 3607 vestro
1870 3541 1926 3606 illc
1949 3543 2078 3625 publico
2100 3543 2278 3627 negotioz¹⁵l

1328 3649 1400 3693 eam
1430 3651 1506 3693 vcro
1535 3649 1601 3693 non
1629 3625 1724 3693 modo
1753 3648 1819 3692 non
1851 3628 2020 3693 imminuit
2042 3628 2099 3693 scd
2122 3631 2218 3694 etiam
2235 3647 2278 3690 au·

1328 3715 1377 3777 xit
1394 3714 1449 3779 ille
1472 3714 1527 3797 qui
1551 3724 1623 3778 tuas
1636 3718 1678 3789 1ο)
1707 3714 1779 3778 heri
1798 3713 1839 3778 ad
1862 3736 1921 3780 nos
1939 3713 2059 3791 attulit,
2079 3716 2127 3778 ita
2149 3716 2231 3779 visus
2242 3716 2278 3775 ssi

1328 3801 1422 3865 nobis
1440 3800 1544 3864 multa
1561 3799 1691 3881 quidem
1703 3800 1759 3864 ssd
1781 3800 1941 3884 ambigua,
1959 3801 2086 3865 incerta
2107 3810 2202 3884 atque
2216 3797 2277 3863 sdeo

1327 3906 1415 3952 vana
1437 3886 1570 3969 garrire.
1607 3884 1680 3950 Scis
1702 3885 1779 3968 quid
1797 3888 2009 3967 requiramus,
2027 3906 2146 3968 nempe
2163 3908 2223 3951 non
2236 3881 2277 3947 illa

1328 3976 1475 4054 μυστήρια
1504 3991 1586 4054 quae
1610 3971 1706 4036 scribi
1736 3993 1796 4037 nec
1826 3971 1946 4037 debent
1974 3993 2032 4038 nec
2062 3982 2207 4056 possunt,
2228 3970 2276 4032 imo

1328 4080 1407 4123 vero
1428 4079 1511 4140 quae
1533 4056 1671 4122 libenter
1689 4058 1787 4122 etiam
1805 4057 2004 4142 ignoramus,
2024 4057 2081 4124 sed
2098 4057 2179 4123 illud
2196 4072 2275 4123 unum

1431 4227 1461 4291 1)
1482 4227 1688 4281 Praecedentens
1705 4228 1826 4283 nondum
1844 4236 1993 4295 acceperut.

1431 4295 1458 4358 8)
1482 4296 1595 4351 Videtur
1612 4297 1706 4364 atquo
1727 4295 1836 4352 Caluini
1851 4298 2028 4352 intercidisse.

1431 4364 1460 4428 9)
1483 4363 1583 4430 Confer
1601 4374 1749 4434 sequentem
1769 4363 1880 4421 Colunt
1894 4366 1933 4420 ud
1952 4366 2114 4436 Marianus

1414 4433 1461 4500 10)
1479 4434 1534 4487 Hie
1551 4435 1584 4487 de
1601 4434 1741 4488 industria
1758 4437 1849 4489 minus
1866 4435 1971 4490 sincere
1988 4436 2066 4505 loqui
2080 4434 2195 4489 oiddur.
2215 4427 2275 4483 Sdtl

1327 4503 1455 4584 primunr.
1470 4502 1593 4583 pilleus
1614 4503 1691 4556 itlius
1713 4504 1892 4570 confessionis
1914 4504 2074 4558 scribendae
2097 4510 2177 4558 autor
2196 4499 2275 4581 trimi

1329 4588 1405 4694 titt
1416 4571 1908 4708 ttutttttttltttttt
1924 4571 2275 4710 fssggpgepggpqqr

1329 4709 1524 4778 betpurdensis)
1542 4710 1658 4763 mutauit
1673 4712 1812 4779 nuptaque
1828 4710 2071 4765 lutberuuiruntem
2087 4710 2160 4776 fecit

1329 4849 1382 4901 m
1407 4779 1462 4908 gg)
1480 4795 1536 4831 non
1562 4778 1671 4847 quidem
1697 4793 1820 4847 expresse
1846 4779 1893 4832 sed
1918 4781 1988 4832 sutis
2008 4780 2134 4847 erumpite
2156 4775 2203 4844 (N.
2219 4766 2275 4829 1611

1415 4915 1460 4982 12)
1480 4915 1620 4969 Pallantes.

1416 4985 1461 5049 13)
1481 4983 1523 5049 Os.
1543 4984 1683 5038 Foreltum
1701 4984 1792 5038 eadem
1810 4984 1966 5038 suadentem
1986 4984 2023 5038 N.
2042 4983 2120 5037 uste.

1416 5053 1462 5119 14)
1480 5053 1593 5108 Literue
1610 5069 1665 5107 nen
1683 5059 1797 5106 exstant.

1416 5121 1462 5185 15)
1481 5138 1542 5176 cuns
1559 5122 1760 5176 Bernenaibua:
1775 5120 1908 5187 postridie
1925 5121 1996 5175 Idus
2013 5121 2068 5176 Iul.
2087 5122 2169 5191 teperti
2181 5115 2277 5172 auter

1329 5191 1441 5247 reduces
1456 5192 1577 5257 (uuum.
1613 5189 1696 5259 (Rep.
1712 5190 1750 5244 du
1770 5189 1896 5254 Oomdl.)

1417 5259 1463 5324 16)
1480 5259 1574 5314 itidem
1591 5258 1753 5328 deperditus.
