4754 5880
78 325 118 384 55
276 306 284 321 ’
943 322 1022 384 reae
1045 320 1185 387 mnan.
2026 325 2068 386 oe

75 531 136 574 nos
169 508 285 593 gessit:
323 508 380 575 sed
409 517 582 592 antequam
617 508 712 574 iatine
740 507 897 591 migraret
929 509 1049 576 iniecta
1099 506 1196 574 dioes.
1226 506 1316 590 Quid
1334 507 1374 574 de
1392 515 1449 575 tua
1466 506 1651 575 defensione
1669 508 1818 586 iudieem,
1836 509 1924 594 leges
1942 510 1978 576 in
1995 530 2073 577 mea

76 596 185 660 irrorat
212 617 232 660 a
260 595 396 661 muliere
420 596 528 662 neseio
557 616 620 678 qua
647 593 747 660 oblati
769 594 876 674 stupri
899 595 1047 676 suspieio.
1098 595 1306 677 expositione.

79 680 188 761 Quam
211 681 288 747 lieet
309 691 388 746 tune
409 680 606 758 absterserit,
629 680 705 763 quia
720 686 832 743 tamen
855 679 1048 761 quibusdam
1183 680 1336 764 Intelligo
1366 692 1473 747 autem
1503 703 1544 746 ex
1572 683 1746 764 postremis
1776 681 1850 752 tuis.
1880 680 2071 746 Erherdum

76 765 225 831 nondum
257 788 327 832 esse
359 767 561 832 satisfaetum
593 765 759 850 intelligit,
785 784 819 829 se
841 765 883 828 ed
911 764 1047 830 solidam
1100 764 1331 848 Selmeppftlum
1351 774 1465 832 eontm
1484 775 1516 832 te
1534 768 1748 850 seripsisse.⁶)
1784 767 1981 850 Ignorabam
1997 766 2068 846 hoe,

76 854 308 936 purgationem
330 853 447 916 offerre
469 861 604 934 paratus
621 861 680 916 est.
716 849 947 915 Reverendum
969 871 1048 935 ergo
1097 871 1157 915 nee
1185 850 1305 916 librum
1334 852 1405 918 eius
1435 852 1504 917 vidi
1533 853 1698 919 haetenus.
1741 853 1905 917 Fortassis
1932 860 1968 917 tu
2000 873 2069 917 non

76 938 214 1002 fratrem
246 948 394 1002 nostrum
424 939 465 1003 D.
494 959 515 1002 o
538 939 639 1003 Loeoo
661 934 799 1020 rogabis,
823 947 860 999 ut
882 936 1048 1001 hominem
1096 936 1209 1000 vidisti
1240 937 1362 1003 librum
1398 938 1526 1003 liniant
1564 939 1644 1005 satis
1676 941 1842 1021 copiosum
1877 938 2067 1004 Bremensis

78 1023 119 1088 ab
137 1023 256 1106 Anglis
278 1023 453 1088 aderimen
466 1023 656 1088 diluendum
673 1021 800 1087 admitti
823 1029 922 1085 ouret
953 1022 1049 1087 Nune
1097 1023 1236 1106 pastoris
1254 1030 1370 1088 eontra
1386 1045 1446 1089 nos
1464 1023 1597 1089 editum.
1608 1029 1634 1103 ⁴)
1665 1023 1847 1089 Prodibunt
1865 1023 1926 1088 bae
1944 1033 2067 1089 aestate

78 1110 155 1190 quia
177 1109 260 1172 nihil
279 1116 350 1173 eret
371 1110 448 1173 novi
467 1108 507 1173 ed
530 1130 604 1174 eum
627 1130 694 1173 non
712 1109 835 1189 soripsi.
880 1105 1048 1174 Salutabis
1098 1117 1212 1173 eontm
1232 1128 1292 1173 nos
1314 1108 1554 1192 multoplures.
1593 1110 1679 1174 Nam
1698 1109 1793 1174 video
1815 1110 1895 1173 istos
1917 1109 2067 1173 homines

78 1215 153 1257 eum
174 1215 245 1258 meo
263 1195 397 1258 nomine
409 1194 590 1279 diligenter.
622 1193 775 1276 Collegae
798 1192 860 1257 mei
873 1192 1046 1274 plurimam
1097 1195 1225 1259 exuisse
1262 1215 1392 1259 omnem
1424 1192 1632 1272 modestiam,
1671 1195 1842 1259 destitutos
1874 1215 1944 1259 esse
1977 1195 2066 1259 omni

76 1279 136 1344 tibi
160 1289 192 1343 et
214 1280 346 1362 reliquis
369 1281 480 1345 amieis
502 1281 639 1344 salutem
663 1279 784 1366 dieunt.
829 1277 923 1356 Vale,
946 1280 1049 1344 frater
1097 1280 1242 1354 earitate,
1266 1290 1299 1344 et
1320 1279 1392 1344 ideo
1410 1281 1506 1344 nihili
1523 1281 1628 1346 faeere
1649 1280 1845 1363 simplicium
1863 1278 2066 1358 offendicula,

76 1365 253 1430 carissime.
289 1366 452 1431 Dominus
475 1366 532 1431 tibi
556 1385 684 1448 semper
706 1364 799 1439 adsit,
821 1372 914 1448 regat
937 1373 967 1429 te
989 1387 1047 1431 suo
1097 1373 1131 1430 et
1158 1365 1381 1430 communium
1410 1366 1553 1430 hostium
1578 1366 1705 1449 gaudia.
1751 1365 1860 1429 Metuo
1887 1386 1928 1430 ne
1955 1365 2066 1448 gravis

77 1452 195 1532 spiritu
228 1450 417 1536 laboresque
450 1463 522 1515 tuos
553 1450 732 1516 benedicat.
776 1450 921 1516 Uxorem
956 1459 1047 1516 tuam
1097 1451 1207 1532 aliqua
1245 1450 1415 1516 oalamitas
1450 1452 1537 1535 ipsos
1576 1450 1749 1534 aliquando
1781 1452 1823 1516 sit
1860 1470 2065 1533 oppressura.

77 1535 206 1600 salvere
228 1536 331 1619 eupio.
377 1536 512 1601 Gaudeo
542 1537 635 1601 vobis
654 1534 775 1618 aliquid
796 1535 1048 1602 relaxationisa
1099 1534 1186 1622 [Ego
1205 1533 1245 1599 de
1262 1536 1315 1600 his
1332 1557 1461 1601 omnem
1479 1557 1581 1619 prope
1604 1556 1694 1619 spem
1716 1535 1842 1622 abieci]
1856 1540 1882 1604 ⁵)
1915 1533 2067 1601 Oderunt

77 1630 170 1704 peste
183 1622 293 1686 datum
306 1643 385 1699 esee,
409 1624 469 1687 etsi
493 1634 530 1686 ut
552 1622 648 1687 audio
662 1621 817 1705 permulti
840 1619 932 1685 vobis
943 1624 1047 1705 erepti
1097 1642 1158 1686 nos
1179 1623 1325 1705 gravius,
1347 1643 1445 1704 quam
1467 1622 1552 1687 ullos
1573 1623 1719 1705 papistas
1741 1632 1798 1687 aut
1821 1621 2064 1704 Anabaptistas.

75 1717 162 1785 sunt,
191 1709 279 1773 inter
299 1729 378 1790 quos
397 1707 604 1772 laetissimam
615 1728 756 1772 sororem
780 1714 926 1771 nostram
944 1710 1047 1774 saneti
1097 1707 1260 1772 Dominus
1278 1708 1471 1773 misereatur
1492 1707 1632 1783 illorum,
1655 1716 1689 1772 et
1710 1708 1861 1790 respieiat
1883 1727 1943 1771 nos
1964 1706 2066 1772 oeulis

77 1796 236 1877 martyris
258 1795 392 1858 viduam
406 1798 430 1870 ⁹)
448 1814 594 1870 numero,
617 1795 810 1859 euinsmors
832 1814 1047 1876 nonparvum
1097 1794 1222 1876 gratiae
1243 1813 1329 1858 suae.

74 1878 168 1944 nobis
202 1901 380 1945 moerorem
409 1880 526 1946 attulit.
570 1879 697 1944 Iterum
718 1877 799 1943 vale.
840 1877 994 1945 Genevee
1017 1885 1046 1946 3.
1182 1877 1366 1943 Redierunt
1387 1899 1464 1942 sane
1491 1876 1600 1962 legati,
1613 1883 1638 1954 ⁰)
1668 1901 1726 1944 uee
1753 1885 1962 1961 reportarunt
1982 1875 2067 1959 quod

74 1962 187 2029 Nonas
206 1965 320 2030 Martii
344 1969 434 2030 1556.
1097 1964 1363 2046 exspectabamus
1396 1984 1517 2028 omnes.
1560 1962 1714 2028 Nondum
1745 1973 1854 2028 tamen
1886 1984 1977 2045 spem
2010 1963 2067 2027 ab·

1097 2049 1236 2114 iieimus.
1279 2048 1422 2114 Oramus
1444 2070 1522 2133 ergo
1543 2051 1734 2127 Dominum,
1764 2059 1802 2114 ut
1828 2051 1856 2114 is
1885 2048 1946 2114 hoo
1967 2069 2067 2130 nego-

1098 2135 1180 2198 tium
1204 2135 1397 2199 moderetur.
1431 2134 1470 2198 In
1494 2135 1614 2200 nostris
1637 2134 1726 2199 nulla
1747 2136 1810 2199 erit
1827 2155 1928 2199 mora.
1963 2133 2068 2214 Quid·

1099 2217 1176 2302 quid
1199 2220 1241 2285 ad
1262 2220 1520 2287 ooneiiiatiouem
1542 2221 1688 2286 eonferre
1710 2228 1871 2303 poterunt,
1901 2220 2069 2284 eonferent

1098 2305 1323 2371 libentissime.
1367 2306 1417 2370 Tu
1439 2303 1524 2387 quod
1545 2305 1641 2383 faeis,
1672 2306 1778 2371 faeere
1800 2325 1921 2389 perge,
1951 2326 1993 2369 ne
2021 2305 2070 2369 tui

1002 2427 1005 2434 =
1099 2413 1139 2455 ex
1173 2391 1400 2476 indignatione
1432 2389 1553 2473 aliquid
1584 2402 1693 2475 agant,
1727 2393 1820 2457 euius
1852 2400 1964 2474 postea
1993 2409 2068 2454 oum

1099 2478 1198 2541 exitio
1221 2477 1385 2559 poeniteat
1415 2498 1488 2542 sero
1510 2477 1616 2542 nimis.
1661 2478 1823 2542 Dominus
1845 2477 1936 2541 Deus
1958 2485 2070 2541 noster

514 2543 613 2613 ²⁴⁰⁰·
1099 2562 1185 2628 5555
1213 2564 1314 2628 noeis.
1351 2565 1469 2661 anon.
1504 2562 1598 2661 vale.
1634 2563 1749 2646 ngare
1779 2567 1807 2626 e.
1831 2562 1945 2627 marei
1977 2566 2068 2626 1556.

272 2698 849 2766 Bar1mm0...1.0,
1098 2646 1940 2816 ...tremaauersatam.
1956 2648 2069 2797 tte

162 2870 264 2935 Mittit
292 2873 321 2934 ei
350 2872 540 2953 Apologiam
570 2891 664 2936 suom
695 2876 801 2936 sorore
836 2870 1047 2969 Westplalum
1098 2818 1225 2969 ,(1ξὲῑέ
1263 2819 1800 2988 ἕὲῇΐὲωοιὲἓῃξζὲἕμῗῃγὲζὲἕηῦ’
1847 2817 2002 2883 salutant
2034 2831 2067 2883 ω

75 2959 235 3036 seriptem.
290 2957 402 3020 Verum
430 2959 667 3021 omatrooeraiom
688 2978 725 3021 ea
747 2978 808 3020 mon
828 2957 982 3036 sepultum
1003 2959 1048 3020 ira

75 3063 112 3105 ex
144 3042 301 3123 Seteepfii
330 3047 358 3105 et
386 3042 535 3106 Timebat
568 3041 680 3107 libellis
701 3049 811 3123 patere
840 3044 894 3106 ait.
939 3041 1048 3106 Etiam
1659 3040 1870 3125 Bullingerus
1892 3050 1979 3105 tuus.

76 3127 203 3191 Bermoe
220 3150 242 3192 a
263 3129 373 3210 lapella
394 3128 442 3191 nil
463 3133 573 3193 astam

77 3299 133 3362 (bx
155 3298 324 3367 autographo
349 3299 413 3351 Cod.
438 3298 538 3351 Gensv.
560 3296 615 3359 114,
640 3297 744 3365 15193,
771 3300 831 3351 eoll.
849 3315 871 3350 o.
890 3298 954 3350 Ood.
975 3296 1046 3364 1112,

144 3367 191 3420 iol.
210 3366 268 3420 215.
304 3366 373 3435 Epp.
392 3368 472 3420 Bern.
492 3367 538 3422 VI.
559 3384 584 3435 p.
603 3365 655 3419 833
673 3375 701 3419 et
719 3369 825 3421 Simler.
846 3369 903 3420 v01.
921 3365 976 3430 81.)

1484 3350 1685 3357 m

162 3537 198 3603 S.
222 3537 264 3602 D.
299 3539 418 3619 Aoeipe
449 3539 515 3602 iam
548 3547 581 3637 et
609 3559 717 3602 meum
750 3548 901 3637 oonatum
935 3547 1048 3602 eontra
1537 3584 1624 3654 2407

75 3644 267 3689 eommunes
296 3624 415 3688 hostes.
430 3628 455 3697 1)
500 3623 672 3707 Coniungo
694 3645 746 3688 me
776 3624 834 3687 trbr
862 3645 897 3687 m
927 3644 1047 3706 pugna,
1627 3633 1636 3655 ·

76 3711 137 3774 etsi
160 3730 228 3773 non
246 3710 371 3774 viribus
389 3710 530 3792 peribus,
554 3709 721 3774 voluntate
743 3718 852 3806 tamen
874 3710 1047 3790 promptis·
1314 3736 1614 3806 UTENHOVIUS
1638 3737 1854 3805 GALVINO·

75 3795 169 3860 sima.
215 3793 271 3860 sie
293 3806 403 3859 autem
427 3794 533 3860 adhue
555 3815 681 3877 pugno,
712 3805 747 3858 ut
774 3793 913 3859 subinde
934 3812 1047 3877 paoem

76 3881 221 3945 offeram.
257 3880 295 3945 si
317 3880 366 3944 illi
384 3881 588 3963 perrexerint
609 3882 730 3944 instare
750 3880 852 3958 nobis,
875 3879 960 3961 quod
979 3900 1047 3943 om·
1193 3911 1370 3976 Vmionem
1382 3910 1421 3973 Ν
1440 3910 1469 3973 Τ
1488 3910 1522 3974 ,η
1541 3909 1682 3990 Quam
1699 3911 1898 3976 oemaeulem
1911 3909 2067 3975 saxoniae

75 3966 156 4030 nino
178 3965 327 4030 futurum
351 3967 500 4044 arbitror,
528 3967 679 4030 invoeato
698 3966 759 4030 Dei
783 3965 904 4030 auxilio
925 3965 1049 4030 alaores
1099 3999 1262 4080 ,ΜΝ
1282 4000 1388 4077 ΡΜ)
1416 3958 1595 4077 'mmm
1618 3994 1741 4059 gamm
1765 3995 1936 4060 mmm
1961 4001 2066 4060 amara

76 4061 110 4115 et
142 4054 271 4117 strenui
304 4071 366 4116 nos
406 4052 470 4117 illis
503 4071 712 4133 opponemus.
768 4050 981 4134 Coniungent
1013 4071 1048 4114 se
1107 4083 1190 4148 ΨΜ
1212 4083 1335 4147 halam.
1356 4082 1421 4163 ips,-
1437 4086 1539 4145 gamm
1560 4085 1650 4144 autor
1666 4086 1711 4144 032
1731 4085 1766 4144 ,p
1786 4081 1823 4143 de
1843 4101 1877 4144 re
1894 4100 2068 4145 mamm.

74 4136 170 4202 nobis
199 4135 282 4202 forte
304 4148 337 4202 et
367 4137 431 4201 alii.
478 4135 567 4222 [Seis
594 4137 761 4219 aoripsisse
783 4137 882 4201 etiam
905 4135 1047 4200 Bernar·
1100 4107 1342 4234 wmpsm
1363 4165 1565 4231 luciam
1585 4166 1732 4246 semotis
1752 4170 1858 4229 ,datur
1910 4164 2067 4230 Melam

78 4223 191 4288 clinum
213 4232 375 4315 nostrum:
404 4244 480 4288 nam
509 4232 587 4305 puto
610 4220 651 4286 ab
677 4224 749 4304 ipso
779 4223 837 4287 tibi
859 4221 1045 4303 exemplum
1098 4254 1172 4319 tho„
1199 4255 1236 4317 de
1263 4251 1392 4335 epistola
1415 4252 1553 4332 quadam
1574 4271 1595 4314 a
1625 4250 1799 4331 Wegsppalo
1820 4216 1903 4315 “aba
1923 4252 2066 4334 impet.

74 4307 283 4459 missum?
315 4311 355 4372 ln
378 4308 542 4391 praesenti
562 4329 652 4372 meae
664 4308 843 4391 Apologiae
861 4307 1045 4390 exemplum
1100 4341 1224 4406 landus·
1276 4337 1426 4402 Μίθρης)
1462 4337 1631 4417 &wgo
1669 4342 1772 4401 ma
1813 4335 2056 4417 Anahapugtam

75 4398 181 4460 mitto.
253 4394 361 4477 iquid
382 4397 416 4458 in
439 4396 495 4459 illa
517 4393 700 4475 displiceat,
730 4414 787 4458 oro
810 4403 847 4458 ut
874 4392 974 4457 libere
996 4394 1047 4455 in·
1101 4426 1266 4491 Calvinum
1298 4424 1409 4487 instat
1438 4422 1480 4486 ad
1504 4424 1563 4486 pe,
1592 4421 1853 4503 stanwfordiam
1881 4442 1988 4486 veram
2013 4387 2066 4505 sal

1098 4511 1247 4576 olendum.

180 4685 209 4749 9)
231 4685 344 4752 Hoperi,
372 4686 482 4738 Amnem
509 4684 542 4737 de
565 4683 686 4738 merciae
713 4698 745 4736 aa
773 4683 868 4750 Belgio
893 4682 1046 4736 oriundam.
1098 4683 1150 4744 (Ex
1177 4678 1344 4749 autographo
1370 4679 1434 4733 (lod.
1454 4678 1555 4732 Gener.
1581 4676 1638 4745 112,
1664 4677 1709 4731 fol.
1733 4675 1791 4731 178.
1827 4677 1969 4746 lusoriptio
1994 4679 2066 4733 desi·

76 4752 197 4824 (Strype
224 4754 303 4807 Mero.
327 4753 360 4807 11.
385 4752 408 4817 1,
431 4770 456 4818 p.
475 4751 541 4818 3993
567 4752 591 4818 2,
613 4769 640 4821 p.
664 4750 734 4818 510.)
774 4751 896 4806 Eratos!
920 4752 1049 4819 epistolae
1513 4748 1645 4812 dentur.)

76 4824 212 4943 ἳοιάαηι
236 4826 294 4876 eiua
317 4822 357 4877 od
374 4822 563 4890 Butlinperam
586 4822 617 4874 in
635 4820 826 4876 Porteriomis.
864 4820 967 4873 Filiam
990 4822 1048 4872 eiua

107 4892 223 4945 antelam
241 4908 300 4945 eum
318 4907 351 4944 eo
366 4891 447 4945 mmai
463 4891 561 4945 obiisse
579 4889 665 4944 tradet
675 4888 804 4942 Simlems
813 4889 863 4956 qui
878 4892 936 4942 etue
952 4904 1047 4942 amram

76 4958 212 5014 Sineroles
224 4961 325 5025 scribit,
341 4976 453 5028 puerum
464 4958 607 5013 Danielem
620 4959 705 5012 solum
719 4960 887 5024 superstitem
904 4957 1047 5020 (aereae.
1198 4952 1227 5020 3)
1248 4952 1290 5018 Of.
1309 4952 1345 5006 N.
1365 4950 1439 5005 2385.
1457 4948 1532 5004 2405.

77 5026 211 5094 24031)
232 5030 435 5098 Apologetioam
453 5030 659 5098 expositionem.
685 5026 729 5079 De
745 5041 800 5094 qao
820 5024 857 5078 N.
876 5023 952 5077 2379.
970 5023 1047 5078 2382.
1199 5020 1216 5073 4
1247 5021 1286 5076 Ν.
1303 5019 1379 5074 2305.
1396 5019 1494 5077 2332.4

76 5095 143 5151 2392
1199 5090 1216 5142 5
1247 5089 1342 5143 Iollam
1359 5090 1424 5144 haee
1440 5090 1518 5142 aneia
1534 5088 1648 5141 inclusa.

146 5139 154 5155 ⁹
173 5166 207 5231 2)
228 5167 305 5220 Haec
329 5183 347 5218 o
375 5166 449 5219 Besa
474 5166 632 5220 mamilato.
667 5163 712 5217 De
740 5161 838 5218 Oete'm‘
863 5161 932 5216 labro
959 5179 982 5216 o.
1006 5161 1047 5218 N.
1200 5158 1229 5224 6)
1252 5157 1410 5213 lloriemses
1433 5173 1493 5213 eum
1516 5156 1580 5211 oleis
1602 5157 1722 5210 Bormam
1744 5156 1821 5209 miae
1841 5155 1960 5221 foederis
1979 5155 2067 5212 Geme-

78 5233 152 5289 2353.
169 5234 249 5290 2382.
1097 5229 1188 5282 oeteis
1204 5241 1299 5282 comeo.

181 5318 395 5388 5555555555.
435 5317 491 5374 voi.
510 5317 596 5372 xm.
1844 5309 1861 5361 5
