4754 5880
996 332 1076 392 1556
1099 320 1241 392 MART.
2073 334 2114 395 68

272 512 327 580 (ux
344 512 512 583 ⁸¹¹¹0tt¹⁸1³l¹⁰
530 511 594 567 0⁰&
605 512 707 569 Gener.
724 512 783 580 ¹1⁴.
800 514 847 569 fol.
865 513 937 581 ¹22)
1142 534 1203 597 per
1224 519 1335 579 omnia
1345 513 1502 598 placebat,
1520 515 1622 597 (quod
1642 515 1746 582 literis
1764 516 1864 582 edam
1882 516 1969 600 apud
1988 526 2020 582 te
2039 538 2113 583 sum

1142 608 1296 680 testatus)
1324 599 1478 684 respondi
1505 609 1616 666 tamen
1644 602 1893 679 modestissime,
1916 604 2112 669 sententiam

115 683 407 751 Praestantissimo
437 696 470 750 et
491 685 699 751 ornatissimo
718 685 861 751 christri
883 686 959 753 Iesu
980 687 1017 751 in
1039 706 1090 751 ec·
1142 685 1232 750 illam
1255 686 1376 751 habere
1398 707 1474 752 suos
1495 694 1636 765 autores,
1658 698 1692 752 et
1712 708 1849 772 magnos
1860 688 1992 771 quidem
2013 691 2112 767 viros,

116 769 217 834 clesia
249 769 441 836 Genevensi
473 771 623 835 ministro
645 772 761 837 Ioanni
784 772 922 838 Calvino
939 773 1033 837 fratri
1055 774 1091 837 in
1142 781 1210 836 tam
1233 782 1362 855 veteres
1382 791 1479 854 quam
1497 773 1704 851 recentiores,
1726 774 1869 839 maxime
1891 795 1969 839 vero
1980 777 2112 860 Augus·

381 857 525 922 Domino
547 857 735 922 veremudo
757 879 825 922 suo.
1143 859 1258 933 unum,
1271 857 1466 935 liutherum,
1489 858 1654 924 Buoerum
1675 872 1709 923 et
1730 859 1811 924 alios
1832 861 1968 925 eximios
1989 860 2112 926 theolo-

1141 963 1209 1026 gos,
1239 943 1395 1026 quosdam
1418 944 1512 1009 aliter
1544 946 1679 1009 sentire:
1708 946 1819 1027 itaque
1847 943 2112 1027 suspendendum

203 1026 326 1093 Gratas
355 1027 415 1094 tibi
442 1028 543 1092 fuisse
564 1049 655 1094 meas
669 1032 693 1103 ¹)
716 1028 757 1093 de
779 1030 986 1095 resarcienda
1009 1030 1089 1095 civi·
1141 1030 1248 1112 potius
1269 1029 1425 1095 iudicium
1447 1050 1544 1112 quam
1568 1038 1690 1095 temere
1712 1030 1994 1114 pronunciandum
2017 1029 2057 1095 de
2075 1053 2111 1096 re

116 1121 224 1178 tatum
246 1113 557 1179 inclinataamicitia
574 1113 695 1193 literas,
714 1115 810 1179 valde
828 1115 908 1179 mihi
931 1117 1089 1198 gratulor.
1141 1126 1359 1180 controversa.
1411 1116 1463 1179 Ita
1497 1115 1648 1198 mitigavi
1677 1116 1876 1199 praeiudicia
1905 1116 2112 1199 quorundam

115 1197 231 1281 Neque
253 1220 331 1264 vero
353 1199 392 1264 de
415 1200 518 1273 tuis²l
542 1211 612 1265 esto
634 1200 802 1266 sollicitus.
845 1201 929 1266 Nolo
951 1205 1039 1266 enim
1058 1212 1090 1266 te
1140 1202 1174 1263 iu
1198 1200 1362 1278 tubulas⁶)
1387 1201 1461 1265 illas
1488 1200 1662 1266 admodum
1685 1210 1846 1267 commota
1867 1213 1900 1266 et
1921 1203 2014 1267 irata.
2055 1200 2112 1266 Sic

116 1286 222 1350 vereri
241 1285 345 1349 ullum
367 1285 550 1367 periculum
573 1307 614 1350 ex
636 1306 710 1350 mea
732 1287 783 1350 vel
804 1289 929 1352 incuria
951 1287 1004 1351 vel
1027 1289 1089 1351 im·
1141 1287 1229 1352 soleo
1251 1308 1304 1352 me
1326 1288 1454 1370 publice
1476 1295 1509 1351 et
1529 1288 1685 1369 privatim
1713 1307 1827 1371 gerere
1848 1308 1889 1351 ue
1911 1288 1995 1351 ullas
2016 1307 2112 1354 voces

115 1371 301 1454 prudentia,
325 1373 380 1452 qui
403 1372 450 1436 sic
468 1371 589 1436 soleam
612 1373 696 1437 tueri
718 1371 801 1435 mihi
823 1373 954 1449 credita,
974 1382 1013 1436 ut
1034 1394 1089 1437 ec·
1140 1374 1289 1437 emittam
1317 1394 1400 1454 quae
1428 1371 1502 1437 odia
1529 1372 1708 1438 accendant
1732 1374 1842 1455 potius
1870 1394 1966 1454 quam
1991 1374 2111 1438 restin-

115 1477 191 1521 rum
222 1455 395 1539 perfidiam
424 1465 458 1522 et
475 1457 736 1522 malevolentiam
759 1478 889 1540 semper
910 1461 1089 1524 accusarim
1141 1470 1253 1541 guent.
1286 1458 1379 1523 Inter
1396 1458 1477 1523 haec
1495 1469 1605 1522 tamen
1623 1459 1694 1523 fieri
1713 1480 1780 1523 non
1797 1467 1903 1540 potest
1920 1466 1957 1523 ut
1974 1460 2112 1524 satisfiat

115 1543 172 1624 qui
202 1552 276 1608 tuas
303 1543 455 1608 suffurati
488 1543 599 1609 literas
621 1543 779 1608 invidiam
796 1545 855 1609 tibi
878 1566 919 1609 ex
942 1544 994 1610 his
1016 1566 1090 1609 con·
1140 1545 1300 1623 omnibus,
1316 1545 1461 1608 maxime
1471 1564 1573 1626 quum
1590 1564 1766 1608 consensus
1785 1544 1901 1626 aliquis
1918 1544 1953 1609 in
1973 1544 2110 1609 aliorum

114 1629 196 1692 flare
226 1628 312 1711 apud
341 1650 401 1694 nos
431 1630 616 1695 voluerunt.
663 1629 781 1693 Fidem
809 1631 898 1694 enim
920 1640 954 1695 et
970 1629 1089 1695 modo
1139 1631 1320 1694 sententias
1341 1631 1516 1712 flagitatur.
1551 1629 1624 1712 Ego
1646 1651 1723 1694 vero
1744 1641 1786 1706 te,
1806 1637 1919 1712 utpote
1941 1628 2109 1695 cordatum
2138 1636 2140 1638 ’

114 1734 186 1778 rem
209 1715 311 1778 animi
332 1717 418 1780 tanti
439 1715 532 1794 facio,
550 1726 589 1779 ut
606 1715 739 1797 quosvis
761 1717 923 1782 cruciatus
945 1715 1090 1799 perferre
1140 1717 1258 1793 virum,
1298 1715 1394 1781 oredo
1425 1716 1577 1797 aequiore
1612 1716 1722 1780 animo
1750 1716 1837 1779 serre
1865 1714 2110 1780 dissentientem

114 1799 320 1865 tolerabilius
343 1799 460 1865 ducam
482 1822 579 1884 quam
603 1802 700 1865 amici
718 1812 843 1866 secreta
854 1801 1000 1884 prodere,
1019 1823 1089 1866 ma·
1141 1800 1331 1882 quibusdam
1355 1802 1389 1865 in
1408 1801 1507 1867 rebus
1528 1801 1679 1878 amicum,
1713 1801 1810 1865 nimis
1838 1802 1880 1878 (si
1909 1801 1955 1864 ita
1976 1800 2042 1878 vis)
2063 1800 2110 1865 le-

114 1886 204 1950 xime
227 1888 356 1951 veroin
378 1908 489 1952 meum
507 1891 615 1951 sinum
638 1888 749 1952 effusa.
785 1887 851 1952 Sed
875 1888 960 1952 hanc
980 1909 1088 1952 meam
1135 1908 1224 1963 nem,
1258 1887 1400 1963 civilem,
1431 1884 1646 1964 moderatum,
1686 1885 1769 1951 adde
1800 1887 1899 1951 etiam
1933 1908 1997 1951 non
2030 1887 2111 1951 satis

114 1971 340 2055 integritatem
373 1980 530 2054 perpetuo
558 1974 713 2037 comitata
734 1982 784 2037 est
806 1974 910 2037 nimia
932 1975 1088 2046 fortassis,
1113 1983 1115 2036 l
1140 1992 1248 2036 acrem
1278 1984 1311 2037 et
1339 1972 1481 2054 rigidum
1505 1992 1584 2054 erga
1605 1971 1716 2049 malos,
1740 1993 1837 2053 qnam
1860 1972 1975 2050 levem,
1997 1971 2110 2035 immo·

114 2068 282 2122 caeterum
316 2067 431 2139 aperta
455 2066 487 2122 et
520 2059 646 2122 sincera
675 2058 808 2124 libertas
835 2058 994 2140 quaedam
1020 2080 1088 2124 mo·
1113 2040 1116 2133 l
1140 2057 1289 2123 deratum
1318 2068 1352 2121 et
1384 2058 1528 2141 rigidum
1562 2077 1773 2122 assensorem.
1819 2057 1994 2140 Utcunque
2023 2059 2111 2121 enim

114 2142 216 2207 nendi
249 2144 379 2217 amicos,
408 2146 522 2226 siqua
554 2146 586 2207 in
616 2165 652 2209 re
681 2145 762 2209 mihi
785 2145 847 2210 visi
869 2156 946 2210 sunt
964 2155 1088 2210 rectum
1111 2141 1115 2247 ἰ
1139 2143 1242 2208 simus
1257 2145 1291 2207 in
1304 2142 1508 2226 quarundam
1527 2164 1636 2207 rerum
1648 2152 1680 2207 et
1691 2143 1899 2207 consiliorum
1918 2144 2111 2208 tractatione
2139 2211 2145 2226 ,

114 2249 250 2294 camum
283 2236 387 2293 status
420 2230 471 2294 sui
504 2229 556 2294 vel
586 2251 653 2294 non
686 2239 800 2295 tenere
822 2231 873 2295 vel
897 2231 1087 2296 deseruisse.
1139 2227 1236 2310 paulo
1276 2230 1452 2295 diversiore
1475 2229 1616 2313 ingenio,
1651 2229 1831 2311 habeatque
1863 2227 1947 2292 forte
1974 2239 2111 2310 uterque

113 2313 230 2397 Neque
256 2315 291 2379 id
303 2315 507 2396 quorundam
528 2336 619 2380 more
640 2317 721 2380 lacio
740 2317 885 2381 susurris
902 2317 937 2380 iu
949 2316 1087 2381 aliorum
1139 2323 1298 2393 nostrum,
1326 2336 1392 2379 una
1419 2336 1495 2380 cum
1524 2326 1662 2378 naturae
1689 2314 1832 2379 stimulis
1861 2326 1894 2377 et
1924 2313 2109 2379 studiorum

112 2420 208 2465 aures
230 2402 409 2465 amicorum
432 2411 540 2465 errata
562 2403 817 2479 mussitantium,
840 2409 899 2466 aut
918 2401 1087 2484 impudeu-
1111 2409 1114 2500 l
1139 2400 1329 2465 diversitate
1341 2405 1513 2482 (quantum
1525 2401 1565 2463 ad
1580 2400 1745 2484 polytica*
1764 2401 1896 2473 attinet)
1915 2420 1992 2464 suas
2010 2401 2110 2464 etiam

112 2487 176 2550 tine
198 2507 258 2568 per
276 2489 416 2568 compita
438 2487 539 2551 veluti
552 2487 593 2551 ad
605 2488 792 2553 incendium
805 2489 1085 2569 proclamantium.
1111 2501 1114 2565 l
1138 2487 1283 2567 privatas
1313 2488 1454 2551 rationes
1483 2506 1594 2549 rerum
1616 2483 1842 2568 gerendarum,
1865 2505 1933 2549 non
1955 2483 2110 2551 debemus

111 2571 198 2655 Ipsis
215 2573 282 2637 illis
294 2573 486 2654 quibuscum
499 2593 569 2655 ago,
588 2574 615 2638 si
627 2573 705 2655 quid
722 2575 758 2637 iu
770 2575 838 2638 vita
849 2573 993 2638 moribus
1011 2594 1086 2637 cou-
1110 2600 1113 2675 Ι
1138 2585 1248 2636 tamen
1275 2572 1461 2638 rescindere
1491 2572 1651 2636 amicitiae
1678 2572 1766 2654 leges
1791 2582 1824 2635 et
1855 2572 1929 2636 iura
1950 2572 1991 2636 ob
2013 2572 2110 2636 istam

112 2658 193 2723 siliis
221 2679 332 2722 eorum
362 2658 518 2737 desidero,
540 2659 650 2741 palam
672 2668 775 2725 testor
793 2681 857 2742 qua
877 2661 914 2723 in
936 2682 972 2724 re
994 2659 1086 2723 nobis
1110 2684 1112 2714 ÷
1137 2657 1345 2741 ingeniorum
1373 2657 1604 2739 imparitatem,
1628 2678 1733 2738 neque
1755 2657 1801 2721 sio
1823 2657 1959 2721 alienari
1981 2658 2109 2735 animis,

112 2762 179 2806 non
208 2746 391 2820 conveniat,
421 2745 473 2808 vel
506 2746 710 2810 amicissimis
735 2767 855 2809 eorum.
901 2745 958 2811 Sic
981 2765 1086 2827 nuper
1110 2720 1113 2767 ¹
1137 2745 1228 2825 quasi
1240 2743 1324 2807 nihil
1345 2743 1525 2808 habeamus
1536 2763 1706 2807 commune
1724 2744 1801 2825 quia
1822 2764 1887 2807 non
1898 2743 2017 2807 omnia
2044 2742 2110 2807 Ita·

120 2828 222 2895 Vireto
240 2830 356 2911 scripsi
369 2833 394 2907 ³)
418 2830 587 2913 displicere
607 2831 690 2896 mihi
711 2832 852 2914 rigorem
874 2831 967 2895 illum
978 2829 1006 2914 ⁴)
1029 2831 1085 2893 ad·
1137 2850 1200 2911 que
1228 2851 1312 2911 pone
1343 2850 1456 2895 omues
1485 2828 1694 2911 suspiciones,
1724 2829 1769 2892 mi
1796 2826 1930 2894 eticae.
1975 2826 2108 2893 simeo

113 2935 228 2980 versus
255 2924 397 2994 exactos,
422 2916 592 2982 Perciaum
621 2926 655 2981 et
675 2917 766 2994 alios,
789 2917 949 2999 simulque
971 2936 1086 2982 causas
1136 2914 1192 2979 vel
1209 2915 1287 2980 vitio
1307 2913 1358 2978 vel
1380 2934 1490 2979 errore
1513 2922 1569 2978 tuo
1587 2934 1697 2978 amore
1713 2912 1871 2997 indignus
1888 2934 1971 2991 sum,
1983 2913 2110 2979 Ohristi

113 3021 195 3082 quae
215 3001 474 3066 memorabant.
504 3000 561 3068 Sic
578 3001 670 3067 illum
689 3005 797 3084 ipsum
810 3002 981 3087 obiurgavi
998 3001 1084 3084 quod
1109 3007 1112 3088 l
1137 3008 1247 3065 tamen
1276 3002 1409 3066 nomine
1437 3001 1544 3083 cogita
1566 3009 1600 3063 te
1628 2999 1710 3063 mihi
1739 3009 1896 3081 perpetuo
1919 2998 2107 3083 obligatum.

113 3087 303 3152 turbulento
333 3087 528 3169 reipublicae
557 3097 643 3152 statu
671 3098 899 3172 argumentum
923 3088 1083 3170 tragicum
1109 3089 1111 3158 ι
1137 3086 1178 3150 In
1200 3106 1263 3168 quo
1286 3105 1346 3170 ego
1370 3094 1402 3150 te
1425 3106 1534 3150 amare
1556 3093 1590 3150 et
1612 3085 1718 3150 colere
1735 3106 1802 3149 nou
1825 3085 1971 3150 desinam
1993 3105 2108 3166 quam-

112 3192 169 3253 pro
198 3174 353 3238 concione
383 3183 562 3238 tractasset.
621 3173 677 3240 Sic
702 3187 757 3238 tuo
785 3186 987 3259 symmystae
1017 3173 1085 3237 diri
1137 3171 1193 3235 diu
1211 3171 1329 3236 vivam.
1375 3171 1468 3249 Vale,
1491 3180 1525 3235 et
1546 3172 1666 3237 amicos
1688 3170 1841 3236 resaluta.

114 3256 318 3341 Rupmundo,
353 3280 418 3323 uon
451 3257 578 3341 plaeere
605 3259 686 3323 mihi
719 3260 892 3324 formulam
920 3261 1085 3342 petitionis
1223 3256 1327 3339 Spero
1349 3259 1458 3323 fictam
1488 3256 1640 3321 Caesaris
1667 3266 1700 3321 et
1727 3257 1830 3340 Regis
1852 3276 1964 3338 pacem
1987 3253 2108 3319 solidae

113 3363 208 3424 quam
235 3353 293 3408 tuo
315 3355 348 3408 et
374 3346 515 3410 fratrum
537 3346 669 3410 nomine
691 3347 819 3410 senatui
837 3355 948 3410 nostro
970 3345 1085 3409 offere·
1137 3342 1232 3408 nobis
1256 3344 1344 3424 pacis
1367 3343 1569 3408 occasionem
1597 3344 1767 3407 daturas*.
1818 3341 1924 3424 Saepe
1953 3341 2040 3404 enim
2071 3342 2108 3405 fit

113 3428 192 3494 bant
203 3451 317 3512 nuper,
338 3444 376 3493 ut
394 3431 589 3495 insolentem
600 3431 802 3513 quorundam
826 3431 993 3496 libidinem
1009 3451 1085 3495 eon·
1137 3445 1175 3493 nt
1197 3449 1256 3512 per
1278 3438 1415 3494 externa
1436 3427 1581 3511 pericula
1602 3429 1752 3491 internae
1774 3437 1807 3492 et
1829 3428 2024 3492 domesticae
2042 3425 2108 3491 dis·

114 3514 292 3579 tradioendi
305 3514 471 3581 doctrinae
482 3517 789 3599 praedestinationis
801 3526 1051 3600 compescerent.
1059 3518 1085 3596 ⁵)
1109 3491 1112 3593 l
1137 3513 1264 3580 cordiae
1298 3517 1477 3597 sopiantur.
1528 3514 1620 3578 Vale.
1665 3514 1796 3578 Beruae
1819 3521 1862 3578 4⁰.
1884 3512 1999 3578 Martii
2022 3515 2110 3575 1556.

113 3598 285 3683 Urgebaut
307 3602 392 3665 enim
411 3614 563 3666 senatum
582 3603 622 3666 ad
640 3602 876 3668 confessionem
900 3601 997 3666 simul
1016 3604 1086 3666 eius
1109 3603 1112 3689 l

114 3685 287 3763 doctrinae,
300 3708 397 3769 quam
416 3710 584 3771 nunquam
597 3690 784 3754 rarissimus
802 3691 937 3771 quisquc
959 3697 1086 3752 senato·
1110 3696 1112 3701 ’

114 3792 184 3837 rum
208 3773 261 3839 vel
284 3795 304 3837 a
325 3774 437 3838 limine
457 3775 623 3840 salutavit.
665 3773 732 3840 Sed
754 3796 818 3856 qua
840 3795 953 3839 rursus
975 3773 1086 3836 mode·

114 3860 240 3924 ratione
262 3867 296 3923 et
307 3860 469 3941 aequitate
491 3861 527 3923 in
544 3870 604 3925 tua
621 3861 794 3925 accusate
812 3859 935 3924 tuenda
956 3860 1086 3941 tuisque

114 3944 290 4010 viantibus
318 3945 502 4010 asserendis
525 3946 613 4029 apud
644 3947 774 4024 amicos,
797 3945 945 4011 inimicos
968 3957 1002 4008 et
1024 3944 1084 4008 du-

115 4029 185 4095 biae
210 4030 288 4095 fidei
313 4030 462 4096 homines
490 4052 690 4115 megaram,
721 4030 807 4096 malo
842 4040 876 4095 te
912 4031 1083 4113 Garanum,

117 4114 305 4192 Muacrshtm,
336 4114 513 4195 Heliorum,
546 4117 732 4182 Triboletam
753 4128 786 4182 et
808 4117 888 4181 alios
910 4137 1010 4198 quam
1030 4137 1084 4179 me

116 4200 223 4282 ipsum
248 4201 368 4267 habere
399 4212 508 4282 testes,
541 4203 608 4267 imo
637 4211 742 4268 totum
771 4211 930 4268 senatum.
972 4199 1083 4282 Quum
1569 4159 1671 4229 2404‘

117 4287 201 4351 enim
232 4309 339 4371 nuper
367 4300 500 4371 rogatus
517 4291 715 4354 seutentiam
738 4288 778 4352 de
796 4297 874 4373 typo
891 4287 947 4352 illo
970 4285 1084 4370 grada-
1342 4317 1578 4384 OALVINUS
1602 4313 1903 4382 GLAUBURGO'

116 4374 213 4438 tionis
247 4374 362 4439 salutis
391 4383 424 4438 et
457 4374 592 4440 adeam
620 4375 924 4457 praedestinationis
952 4383 1086 4437 nostrae

118 4457 262 4525 ΜΘΗ]
291 4461 328 4560 1¹}
357 4468 488 4560 ⁸0¹¹³l¹t
518 4459 783 4561 quenquam&
804 4461 966 4524 mentia
987 4479 1085 4541 quam
1224 4490 1353 4556 Laecae
1369 4490 1439 4553 esus
1457 4488 1595 4552 aarum
1612 4487 1648 4550 a
1667 4485 1861 4551 meante
1874 4503 1952 4566 pase
1969 4485 2003 4547 a
2020 4484 2109 4550 eate-

117 4554 211 4627 typus
239 4555 271 4608 et
304 4544 433 4610 libellus
467 4557 583 4610 mcertr
616 4555 738 4611 autoris
767 4546 985 4629 praelerebat,
1019 4566 1086 4609 nou
1137 4578 1189 4643 sia
1213 4575 1381 4641 Galum
1398 4573 1666 4656 Francoswm
1695 4572 1813 4635 ,mm
1840 4568 2110 4635 mmmmm

117 4717 314 4727 -...
1137 4663 1289 4728 decada
1310 4666 1338 4726 et
1358 4681 1453 4742 wem
1474 4660 1641 4724 arbitrium
1663 4657 1706 4722 cd
1727 4658 1832 4737 ipsum
1853 4658 1887 4720 ia
1905 4657 1964 4721 loco
1983 4656 2036 4721 lite
2056 4657 2109 4721 de·

1138 4749 1236 4813 lotura
1257 4749 1308 4824 sit,
1324 4747 1471 4829 proponit
1491 4743 1713 4827 monendae
1733 4742 1926 4808 metram.

1552 3651 1705 3716 Nicolaus
1727 3662 1803 3717 tuus
1818 3651 2023 3729 Zerchintes.

1515 3941 1719 3954 —

116 4830 247 4900 Mal)
266 4833 305 4888 N.
323 4833 402 4888 2888.

215 4903 246 4967 9)
265 4904 304 4957 Ν·
322 4902 398 4958 2395·
1137 4918 1335 4984 (Describimm
1359 4934 1392 4970 ex
1416 4915 1557 4971 lonvillaei
1580 4914 1729 4983 exemplari
1752 4910 2039 4979 inCod.Gen.10'l·,
2062 4913 2107 4967 iol.

215 4972 245 5041 3)
262 4971 330 5054 Non
347 4978 464 5028 muot-
1057 5042 1073 5053 ,,
1140 4987 1198 5058 iar,
1220 4988 1281 5041 0011.
1301 4986 1437 5040 rumim
1456 4985 1520 5040 coe
1539 4982 1597 5048 1oa,
1621 4983 1667 5037 101.
1685 4980 1727 5035 er.
1763 4981 1833 5050 app.
1851 4981 1930 5035 sem.
1948 4981 1995 5035 vr.
2013 4999 2039 5049 ρ.
2057 4979 2109 5034 aaa

214 5041 245 5103 4)
263 5057 295 5095 sn
312 5041 421 5109 sponda
438 5055 523 5096 cauea
543 5046 640 5096 conta
657 5041 774 5107 anae,
799 5055 866 5110 quos
887 5040 921 5093 de
941 5040 1086 5095 mlamaae
1470 5061 1499 5108 οι
1516 5053 1623 5107 simleri
1641 5052 1704 5105 v01⁸
1722 5047 1779 5116 82)

115 5113 316 5180 amaracinum
334 5113 488 5192 sparsisse
505 5110 637 5165 twinam
657 5115 777 5166 marat
811 5180 816 5191 Ι
929 5179 933 5189 .
1054 5178 1059 5190 ¹
1082 5179 1087 5190 ·

214 5179 245 5247 b)
263 5178 308 5233 De
325 5179 377 5234 bae
392 5186 528 5261 psittacus,
551 5187 683 5248 walum
701 5194 751 5233 uos
768 5178 875 5248 medem
892 5193 1000 5246 samus,
1018 5177 1085 5233 atta

114 5249 180 5302 aibat
197 5251 342 5302 memoriae
357 5249 494 5316 prodebam
513 5255 560 5303 cst.
1240 5243 1269 5312 6)
1286 5245 1357 5312 lupe:
1374 5242 1488 5308 tabulae,
1506 5255 1600 5310 nempe
1617 5239 1714 5306 Barce,
1732 5238 1765 5293 de
1780 5239 2039 5306 mucamitem.
