4688 5910
1009 315 1270 386 ΕΡΙΒΤΟῙιΑΕ
1293 319 1505 381 arto-2729

693 505 790 577 2726.

303 661 476 731 olavus
498 659 597 729 nux
614 645 817 726 uomens
837 658 902 725 nu
924 659 1185 740 usnemun,

287 760 290 765 ·
408 764 472 830 nu
495 761 783 840 trocmund
802 761 1075 840 Priuerno

342 934 445 1019 Appel
466 935 487 999 ὰ
508 935 542 1000 io
561 934 734 1019 qtntrcoite‘
765 935 819 1000 dee
845 933 961 1015 fiditer,
984 953 1022 999 en
1040 936 1155 1017 {wear
1174 933 1230 1000 des

254 1024 394 1089 victimet
409 1022 447 1086 de
467 1021 501 1086 lo
517 1019 714 1103 cestrota
735 1020 757 1085 ὰ
780 1019 888 1085 Poris.

255 1193 372 1260 (limate
403 1190 579 1260 autographo.
623 1191 694 1244 Bibl.
721 1190 755 1244 de
781 1188 898 1245 Genese.
923 1189 984 1243 Vol.
1006 1187 1078 1257 1072,
1101 1191 1146 1245 fol.
1169 1187 1229 1244 339.

418 1261 525 1314 Lettres
544 1259 576 1313 fr.
594 1259 628 1313 11.
643 1257 702 1312 150.
738 1258 816 1313 Trad
834 1259 906 1328 angl.
928 1254 976 1312 111.
995 1255 1067 1327 367.)

511 1430 685 1499 Messieurs
707 1439 740 1496 et
761 1429 843 1496 bons
864 1429 976 1498 freres.

341 1603 451 1669 Encor
473 1624 534 1686 que
564 1611 635 1668 tout
663 1602 694 1668 le
722 1619 807 1668 reste
831 1623 872 1667 ne
890 1603 981 1668 suffit
1002 1621 1022 1666 a
1044 1601 1230 1666 esmouvoir

255 1690 304 1756 les
325 1689 428 1755 freres
450 1688 610 1771 auxquela
632 1710 674 1754 on
696 1688 860 1754 sadresse:
884 1697 971 1754 oeste
993 1687 1165 1753 extremite
1188 1708 1230 1753 ne

255 1775 377 1842 souffre
394 1775 452 1840 nul
475 1774 594 1858 dellay.
638 1774 704 1840 Oar
733 1795 753 1838 a
774 1772 880 1858 grand
898 1773 992 1856 peine
1014 1794 1087 1839 sera
1108 1773 1133 1837 il
1155 1794 1230 1856 pos·

256 1861 338 1928 sible
359 1882 446 1943 quen
467 1868 540 1925 tant
557 1859 597 1925 de
623 1868 767 1926 torturas
785 1858 832 1925 les
854 1879 918 1924 uns
939 1879 982 1923 ne
1003 1859 1109 1924 soient
1131 1880 1230 1924 enve-

254 1947 378 2030 loppeu,
402 1954 435 2010 et
456 1947 529 2029 puis
551 1946 598 2010 les
620 1946 753 2022 aultres,
775 1945 907 2027 iusques
929 1964 1011 2010 aun
1021 1945 1158 2010 nombre
1180 1945 1230 2009 in-

255 2033 334 2118 finy.
368 2032 457 2109 Bref,
474 2031 563 2096 voila
582 2041 654 2096 tout
671 2031 702 2095 le
721 2031 904 2114 Royaulme
922 2051 962 2095 en
980 2030 1044 2096 feu.
1074 2031 1230 2114 Parquoy

257 2117 280 2182 il
313 2125 387 2182 nest
417 2118 490 2199 plus
522 2117 673 2199 question
706 2116 746 2181 de
786 2115 947 2181 satisfaire
980 2138 1022 2181 au
1055 2115 1141 2181 desir
1174 2114 1231 2181 des

256 2223 395 2288 paovres
425 2203 543 2268 freres:
571 2204 655 2268 mais
680 2203 720 2267 sil
745 2225 768 2287 y
797 2222 817 2264 a
841 2208 953 2285 goutte
975 2200 1167 2266 dbumanite
1189 2222 1229 2266 en

255 2288 533 2367 nostreendroict,
556 2288 596 2353 de
614 2288 662 2354 les
673 2288 818 2371 seoourir
835 2309 855 2352 a
876 2286 1075 2371 telbesoing.
1104 2287 1231 2353 Pouroe

256 2396 317 2458 que
339 2376 464 2458 iespere
486 2374 572 2458 quilz
601 2395 643 2438 ne
671 2373 838 2438 fauldront
866 2374 1037 2452 aessaier‚
1060 2395 1102 2438 ne
1123 2372 1230 2438 faillea

256 2460 344 2526 aussi
367 2459 406 2524 de
436 2459 572 2525 mandor
602 2481 638 2525 ce
666 2478 806 2542 quaurea
837 2458 914 2523 faiot
943 2460 1119 2523 euenisse.
1165 2458 1231 2524 (lar

256 2566 354 2610 enoor
387 2565 474 2628 quon
507 2566 549 2608 ne
582 2553 714 2611 trouvat
747 2551 991 2627 promptement
1024 2552 1140 2628 argent
1157 2565 1231 2626 par

258 2629 340 2707 dela,
363 2631 391 2694 si
414 2631 504 2715 feray
531 2630 562 2695 ie
591 2630 654 2694 tela
683 2631 805 2706 efforts,
836 2629 997 2711 quantis
1026 2650 1079 2695 me
1102 2629 1231 2696 devrois

257 2716 414 2800 anguiger
437 2726 521 2781 teste
547 2723 581 2780 et
609 2715 709 2798 pieda,
733 2714 802 2798 quil
823 2736 858 2779 se
881 2722 1034 2780 trouvera
1055 2724 1147 2799 prest
1167 2716 1230 2800 icy.

256 2800 294 2866 Ie
316 2801 502 2887 supplieray
531 2806 640 2866 nostre
663 2801 729 2867 bon
759 2799 833 2865 dieu
858 2821 937 2866 vous
959 2798 1075 2885 guider
1096 2823 1138 2867 en
1161 2808 1233 2866 tout

257 2895 290 2951 et
307 2896 448 2969 partout,
465 2908 549 2952 vous
567 2886 692 2952 donner
703 2885 842 2961 adressa,
866 2907 947 2952 vous
968 2885 1116 2966 fortifier,
1139 2900 1172 2953 et
1190 2908 1232 2952 en

257 2993 381 3037 somme
403 2981 566 3037 monstror
587 2971 618 3035 le
640 2974 733 3056 soing
755 2971 824 3055 quil
845 2991 865 3035 a
886 2970 944 3037 des
970 2972 1066 3038 siens.

342 3057 561 3125 Extraiotdes
579 3057 691 3124 lettres
709 3057 825 3123 desire
845 3057 929 3122 Geor
948 3077 979 3122 es
1002 3056 1041 3122 de
1053 3058 1231 3123 lunziesme

259 3143 299 3207 de
321 3144 520 3226 septembre:
564 3144 656 3208 Vous
687 3163 783 3208 aurez
812 3150 912 3208 enten
935 3164 957 3206 u
980 3163 1105 3208 comme
1127 3165 1147 3208 a
1169 3143 1232 3208 Pa-

258 3228 304 3293 ris
328 3250 348 3293 a
368 3240 437 3294 este
464 3230 556 3312 prins
584 3229 658 3312 plus
685 3230 725 3294 de
747 3239 824 3296 oont
848 3229 1049 3310 prisonuiers
1071 3227 1157 3294 dune
1179 3249 1230 3294 as·

259 3313 411 3387 semblee,
435 3335 477 3380 ou
498 3315 522 3379 il
543 3336 566 3400 y
589 3337 608 3379 a
626 3314 789 3398 plusieurs
816 3312 964 3379 notables
993 3320 1026 3379 et
1047 3313 1130 3380 bons
1157 3336 1231 3398 per·

256 3420 403 3483 sonages.

344 3486 404 3569 Iay
422 3487 513 3568 copie
535 3497 621 3551 ceste
650 3485 796 3552 clausule
817 3484 898 3550 affin
920 3485 1027 3569 quelle
1049 3488 1098 3551 fut
1119 3487 1232 3551 mieux

258 3578 292 3635 et
313 3570 388 3653 plus
410 3571 566 3637 vifement
593 3572 756 3636 entendue
777 3570 817 3635 de
840 3593 931 3637 vous.

697 4120 795 4189 2727.

501 4272 746 4340 PEUOERUS
769 4272 986 4339 ounvmo

348 4443 488 4510 Summis
509 4446 588 4510 votis
604 4446 755 4528 synodum
775 4444 916 4509 virorum
937 4444 1093 4510 doctorm
1113 4449 1142 4509 et
1156 4445 1230 4527 pio-

259 4551 333 4594 rum
354 4530 598 4614 cmprepoadam
615 4535 700 4612 optat
715 4534 751 4594 ut
771 4530 895 4596 taudem
912 4530 1082 4612 aliquando
1098 4530 1232 4596 miscus

257 4616 402 4680 eoclmioe
419 4621 628 4682 mwmrrotur.

258 4819 392 4888 mill)
409 4820 491 4877 Noua
516 4828 694 4890 mpruntoas
719 4827 783 4876 cette
808 4821 919 4876 werse
943 4819 963 4874 ὸ
988 4835 1041 4874 rose
1066 4822 1232 4889 ειωονόρεὼη

297 4891 311 4944 ι’
333 4906 361 4943 se
387 4896 480 4945 botos
503 4907 540 4944 aa
563 4890 613 4944 dos
634 4890 667 4943 dc
690 4890 718 4943 la
744 4891 826 4955 lettre,
853 4889 925 4943 mois
947 4888 1028 4943 dune
1045 4897 1125 4944 outre
1140 4890 1232 4944 main:

286 4975 405 5013 sumone
423 4958 522 5013 blodon
541 4957 674 5028 Payerne.
709 4957 739 5012 11
758 4965 799 5013 cst
839 4959 937 5013 morbis
958 4965 984 5012 et
1000 4954 1082 5012 mimo
1102 4959 1232 5026 prabatio

185 5082 196 5090 ,
259 5043 313 5097 quc
329 5027 377 5081 der
401 5027 640 5094 lacesseretur
662 5033 710 5082 oct
730 5024 771 5083 ἑτέ
830 5026 967 5082 recessa
990 5026 1111 5082 d'araeres
1135 5025 1232 5096 luliaco

260 5111 365 5150 maore.
404 5095 497 5164 Queat
513 5097 532 5150 ὰ
548 5095 576 5148 lo
593 5094 664 5161 dote,
687 5096 787 5162 dicut
801 5095 1026 5152 Mummi
1040 5097 1112 5150 tenir
1128 5103 1232 5165 compte

2099 289 2105 297 ’
2194 315 2255 378 rra

1282 505 1338 571 (Ex
1355 504 1525 575 autographo
1542 503 1606 558 (iod.
1624 502 1725 559 Gener.
1744 502 1818 639 iffi)
1828 503 1875 559 fol.
1892 502 1951 558 193.
1988 503 2134 573 inscriptio
2151 503 2254 557 deside·

1716 590 1748 625 ra
1795 612 1804 628 .

1366 743 1441 809 Non
1463 753 1537 810 tuae
1555 743 1579 830 ¹)
1602 745 1708 810 solum
1731 754 1765 810 et
1786 743 1925 809 aliorum
1946 745 2045 810 etiam
2067 745 2254 828 principum

1281 829 1396 894 literae
1418 830 1580 915 synodum
1602 832 1769 914 flagitant,
1798 828 1855 896 sed
1877 830 1949 914 ipsa
1970 831 2068 896 etiam
2091 830 2203 898 saucia
2222 838 2254 896 et

1281 915 1401 981 misera
1431 915 1566 982 ecclesia
1596 914 1735 983 assiduis
1757 925 1790 981 et
1817 915 1992 999 gemitibus
2014 924 2047 981 et
2074 915 2255 1002 lachrymis

1281 1002 1366 1085 petit
1382 1009 1419 1065 ut
1436 1001 1556 1066 eruditi
1574 1011 1607 1067 et
1624 1003 1670 1086 pii
1681 1000 1837 1067 mediocri
1852 1001 2038 1085 frequentia
2054 1002 2255 1068 conveniant

1282 1086 1324 1152 ad
1362 1085 1564 1170 quarundam
1603 1088 1899 1154 controversiarum
1938 1087 2190 1171 explicationem
2223 1096 2255 1154 et

1282 1172 1547 1239 constituendum
1567 1193 1762 1239 consensum
1791 1173 1973 1239 saniorum:
2002 1174 2132 1239 etiamsi
2159 1181 2256 1240 erunt

1282 1258 1384 1341 aliqui
1404 1259 1459 1341 qui
1482 1257 1656 1325 dissentire
1680 1258 1805 1336 volent,
1834 1259 1904 1325 sive
1922 1259 1996 1324 odio
2016 1259 2087 1324 sire
2115 1260 2253 1326 inscitia

1283 1344 1352 1409 Gur
1381 1343 1484 1428 igitur
1505 1343 1591 1412 hano
1612 1344 1768 1411 ecclesiae
1791 1366 1902 1411 vocem
1925 1365 1985 1412 nec
2007 1346 2174 1429 principes
2196 1365 2254 1412 neo

1283 1430 1429 1495 doctores
1452 1429 1656 1495 exaudiunt?
1691 1429 1905 1514 Respondent
1921 1429 2029 1510 multi,
2051 1451 2087 1496 se
2109 1441 2254 1497 metuere

1282 1515 1316 1581 id
1345 1514 1430 1598 quod
1457 1514 1683 1581 Nazianzenus
1711 1516 1856 1599 scripsit,
1878 1515 2040 1601 synodum
2069 1516 2254 1582 inflamma-

1283 1609 1392 1666 turam
1420 1622 1492 1666 esse
1521 1600 1595 1666 odia
1621 1611 1654 1665 et
1682 1600 1815 1667 dissidia
1836 1623 1902 1667 non
1925 1604 2175 1668 emunctorum.
2214 1601 2254 1668 Id

1282 1687 1329 1753 ita
1345 1687 1492 1751 futurum
1511 1706 1591 1764 esse,
1609 1686 1642 1750 id
1660 1687 1849 1752 ratiocinari
1865 1694 1966 1770 potes,
1989 1688 2066 1771 quia
2083 1689 2119 1753 in
2137 1688 2254 1771 oppido

1282 1772 1391 1838 vicino
1404 1775 1433 1845 ²)
1455 1772 1606 1838 Lubecae
1623 1784 1849 1838 convenerunt
1870 1772 1993 1856 aliquot
2010 1777 2155 1856 βλακιιο),
2166 1776 2195 1850 ⁸)
2217 1794 2254 1840 ao

1282 1857 1500 1924 decreverunt
1520 1879 1556 1923 se
1578 1881 1642 1923 non
1665 1879 1852 1924 accessuros
1875 1880 1945 1924 esse
1967 1859 2009 1924 ad
2030 1859 2205 1944 synodum,
2226 1859 2254 1925 si

1283 1964 1348 2026 qua
1377 1941 1572 2022 ediceretur,
1604 1953 1637 2010 et
1665 1964 1700 2010 se
1722 1943 1914 2010 defensuros
1944 1966 2016 2011 esse
2047 1942 2163 2010 eadem
2184 1947 2254 2030 περ)

1281 2037 1453 2114 μυστηρίων
1475 2050 1557 2112 quae
1584 2029 1765 2097 docuerunt
1794 2030 1962 2096 hactenus.
1998 2030 2167 2112 Quorsum
2193 2030 2252 2115 igi·

1283 2123 1338 2180 tur
1359 2114 1528 2199 prodesset
1555 2115 1655 2180 indici
1684 2114 1870 2200 synodum?
1906 2114 1937 2182 Ο
1959 2118 2113 2182 miserem
2134 2117 2172 2181 in
2193 2117 2254 2182 bac

1282 2200 1397 2265 mundi
1424 2209 1555 2266 senecta
1576 2209 1609 2265 et
1630 2198 1791 2266 desertam
1814 2201 2001 2282 ecclesiam,
2034 2224 2135 2285 quum
2164 2207 2253 2267 tanta

1283 2287 1327 2352 sit
1343 2287 1541 2370 perversitas
1558 2295 1595 2351 ut
1617 2286 1775 2351 etiamad
1794 2287 1987 2369 colloquium
2006 2287 2156 2354 doctores
2178 2309 2252 2353 oon-

1283 2373 1398 2437 venire
1427 2380 1586 2438 recusent.
1622 2372 1668 2437 Et
1701 2382 1813 2437 tamen
1844 2373 1880 2437 in
1912 2373 1968 2437 illo
2001 2373 2071 2456 ipso
2102 2373 2252 2458 dogmate

1283 2461 1353 2543 rapt
1373 2466 1540 2540 μυστηρίων
1563 2480 1629 2523 non
1651 2469 1702 2523 est
1730 2461 1939 2524 consentiens
1962 2459 2137 2541 explicatio
2167 2460 2251 2525 iuter

1282 2544 1378 2626 ipsos.
1424 2543 1489 2608 Alii
1512 2542 1693 2608 defendunt
1722 2543 1964 2623 adorationem,
1993 2544 2051 2610 alii
2072 2545 2113 2610 ab
2137 2567 2176 2610 ea
2198 2544 2250 2611 ab

1283 2629 1427 2694 horrent.
1464 2629 1600 2694 Bonnae
1627 2630 1797 2694 clamitant
1819 2629 1966 2713 quidam,
1996 2651 2114 2714 corpus
2136 2632 2249 2714 ubique

1283 2736 1362 2791 esse,
1396 2713 1480 2797 quod
1515 2714 1601 2780 unde
1634 2725 1830 2797 acceperuut
1859 2717 1978 2782 nescio.
2016 2715 2167 2800 Denique
2194 2737 2249 2783 uec

1280 2810 1429 2865 vetustas
1447 2800 1559 2866 eodem
1571 2799 1666 2866 modo
1679 2799 1718 2865 de
1737 2822 1772 2865 re
1790 2812 1883 2866 tanta
1900 2801 2035 2884 loquuta
2053 2811 2112 2868 est
2143 2802 2248 2884 Quare

1283 2896 1315 2950 et
1338 2906 1397 2970 ego
1420 2884 1583 2970 synodum
1605 2895 1682 2969 opto
1705 2907 1805 2969 eaque
1828 2886 1868 2951 de
1887 2910 1923 2953 re
1945 2908 2020 2954 cum
2042 2909 2117 2953 meo
2138 2891 2248 2954 socro'

1282 2992 1377 3054 saepe
1398 2973 1552 3056 loquutus
1574 2994 1656 3049 sum,
1686 2972 1743 3055 qui
1763 2974 1809 3038 sio
1831 2970 2020 3056 respondet:
2048 2971 2086 3039 Si
2108 2972 2249 3057 procedit

1283 3068 1464 3124 conventus
1491 3057 1623 3139 imperii
1651 3056 1695 3122 ibi
1725 3066 1911 3123 nostrarum
1941 3059 2153 3125 ecclesiarum
2180 3059 2248 3125 doc-

1283 3151 1369 3208 tores
1397 3143 1518 3226 alioqui
1546 3152 1765 3209 oonventuros
1791 3164 1878 3221 esse,
1907 3152 1940 3209 et
1968 3143 2138 3210 adfuturos
2167 3144 2248 3228 prin-

1283 3228 1371 3311 cipes
1400 3237 1432 3293 et
1465 3230 1544 3293 alios
1573 3237 1775 3328 praestantes
1797 3230 1902 3307 viros,
1934 3251 2014 3313 quos
2035 3229 2076 3295 de
2104 3230 2248 3296 omnibus

1284 3314 1430 3379 articulis
1459 3315 1550 3397 prius
1577 3324 1664 3379 mter
1693 3335 1764 3380 sose
1793 3314 1933 3398 colloqui
1962 3315 2125 3398 oportebit
2148 3318 2247 3401 prius·

1283 3420 1381 3481 quam
1410 3420 1494 3466 cum.
1514 3398 1710 3466 adversariis
1738 3400 2001 3485 angrediantur.
2049 3401 2111 3467 Sin
2144 3411 2248 3468 autem

1285 3506 1348 3549 non
1371 3485 1523 3568 procedet
1550 3485 1680 3567 imperii
1708 3494 1888 3552 conventus
1917 3486 2033 3551 suadet
2055 3497 2092 3552 ut
2115 3511 2151 3554 re
2173 3487 2247 3553 deli·

1284 3570 1397 3637 berata
1418 3592 1491 3637 oum
1513 3571 1637 3654 aliquot
1665 3570 1867 3654 principibus
1889 3573 2086 3638 conveniant
2107 3574 2248 3640 volentes

1284 3656 1393 3739 aliqui,
1416 3658 1472 3740 qui
1489 3658 1663 3723 veritatem
1682 3669 1795 3722 amant
1812 3666 1845 3722 et
1864 3679 2060 3724 consensum
2079 3660 2248 3726 ostendant

1283 3742 1435 3808 ecclesiae
1457 3743 1649 3826 posteritati,
1680 3762 1739 3809 nec
1762 3742 1987 3810 deterreantur
2009 3745 2143 3812 iniustis
2170 3743 2247 3810 iudi·

1283 3827 1341 3894 ciis
1371 3838 1403 3894 et
1435 3827 1609 3894 ineruditis
1641 3827 1837 3894 clamoribus
1867 3828 2013 3894 aliorum.
2051 3830 2091 3894 ld
2122 3831 2246 3897 tandem

1282 3914 1354 3978 fieri
1375 3934 1506 3980 necasse
1528 3914 1599 3979 erit.
1611 3918 1641 3990 ⁴)

1846 4052 1976 4136 Gaspar
1994 4054 2170 4120 Peucerus

1282 4255 1374 4310 arat.
1387 4257 1414 4321 l)
1434 4256 1500 4339 ilos
1517 4271 1586 4324 opas
1603 4263 1642 4310 aar
1658 4263 1690 4338 at
1706 4272 1739 4312 ea·
1756 4258 1782 4313 b.
1802 4258 1819 4310 7.
1836 4259 1948 4326 calleas
1967 4257 2112 4312 Calvinum
2130 4259 2169 4313 od
2187 4260 2247 4312 Peu-

1283 4340 1373 4380 ,a
1386 4325 1845 4476 {reattractus
1862 4326 2113 4476 tttttttt
2136 4396 2247 4451 aa,

1282 4463 1379 4532 terpus
1400 4479 1497 4542 ‘mosao
1523 4463 1609 4517 eodm
1636 4470 1757 4532 poteret,
1786 4482 1824 4518 aa
1851 4481 1914 4519 vero
1941 4471 2023 4520 stram
2048 4466 2106 4533 ipsa·
2138 4465 2247 4521 Πίθων

1283 4530 1426 4666 mimi?
1434 4598 1574 4655 Floriani.

1385 4667 1415 4731 4)
1436 4667 1468 4721 Sc·
1483 4668 1553 4738 quid
1568 4668 1689 4723 oidmus
1705 4671 1889 4739 frequentem
1906 4675 2012 4724 tantum
2030 4675 2076 4724 eat.
2114 4671 2159 4724 De
2175 4681 2246 4724 noro·

1281 4737 1353 4792 labus
1369 4752 1433 4791 acro
1458 4740 1505 4790 otc
1524 4744 1564 4791 cst
1587 4740 1661 4807 quod
1677 4739 1809 4794 dieamus.
1846 4739 1981 4794 Peme
2003 4755 2096 4795 socero
2115 4739 2247 4794 nauso·

1282 4805 1360 4860 ttoni
1384 4808 1504 4861 camdem
1528 4822 1557 4860 se
1582 4807 1750 4863 adimerat
1766 4825 1848 4878 quum
1876 4812 1901 4862 is
1925 4806 2104 4862 Womotr'om
2121 4815 2181 4864 iret.
2209 4807 2246 4861 Eo

1282 4880 1399 4942 tempore
1422 4882 1477 4929 tam
1499 4876 1641 4945 principes
1662 4893 1745 4947 quom
1768 4879 1828 4946 ipse
1851 4876 1983 4932 Culum
2004 4877 2038 4932 de
2059 4876 2191 4948 oollcqm'o
2211 4880 2247 4930 ts·

1281 4943 1417 4999 stitueado
1434 4945 1600 5012 rumpebant.
