4688 5902
60 331 122 394 481

59 525 113 584 tus
135 519 241 584 sancti
270 520 401 587 virtute.
452 522 506 587 Ita
532 523 620 587 enim
650 544 717 588 non
748 493 986 590 discederemus
1013 545 1034 589 a

59 606 243 686 scripturae
264 607 373 672 verbis
395 617 427 672 et
444 609 551 674 omnis
573 608 781 675 dissidiorum
807 610 933 675 occasio
955 609 1033 674 sub·

59 689 128 754 lata
145 689 322 757 videretur.
333 695 363 767 ⁸)

445 987 647 995 ——-—-.-.0.-.

498 1202 598 1273 21811.

259 1356 593 1424 BULLINGRRUS
621 1358 839 1425 GALVINO.

150 1527 326 1608 Praefatur
352 1530 570 1609 6666166616
596 1529 751 1594 Bennett
775 1530 899 1596 Farctti
927 1532 1036 1597 itincre

60 1615 97 1678 in
117 1613 325 1678 Germaniam
346 1616 441 1679 caric
462 1620 646 1698 argumenta
668 1622 792 1680 tractat:
819 1619 899 1683 inter
915 1623 1035 1682 matera

63 1698 217 1763 nonnulla
237 1700 279 1764 cd
300 1720 366 1764 rem
383 1702 662 1766 sacramentarium
682 1705 868 1782 spmtantin,
891 1705 929 1769 de
950 1703 1037 1768 66116-

62 1786 137 1865 quio
165 1784 362 1850 Wormacine
382 1785 526 1860 babendo,
549 1787 586 1851 dc
607 1789 814 1869 Anpnstmue
834 1790 1036 1870 mnteseionis

61 1870 275 1952 ambipnitctc,
297 1872 335 1936 dc
359 1873 520 1937 invectivis
542 1873 630 1937 nonis
656 1872 915 1953 Lntbcrancrnm,
937 1875 974 1940 dc
996 1874 1035 1938 n·-

61 1954 138 2021 16116
160 1956 268 2021 166611
297 1957 454 2034 Andreae,
477 1959 573 2023 cnina'
595 1959 802 2023 arietantium
819 1960 968 2042 pinnitus
987 1981 1036 2025 rc·

61 2046 170 2107 censer.

63 2213 272 2282 (Autographon
296 2214 445 2283 Bullingeri
470 2221 560 2268 exstat
583 2216 612 2268 in
630 2215 755 2269 Archivis
774 2216 965 2270 Turiceusibus
987 2216 1036 2269 sed

63 2298 127 2335 casu
145 2283 190 2334 vel
207 2284 351 2335 oscitantia
368 2284 458 2337 nescio
481 2285 555 2336 ouius
578 2285 732 2338 dissectum.
772 2284 880 2337 Initium
899 2291 928 2337 et
949 2285 1036 2338 maior

62 2367 131 2473 pars
148 2352 286 2418 reperitur
304 2353 331 2433 in
355 2351 518 2437 06116611.
538 2350 588 2404 117
606 2353 697 2432 111161.
720 2351 781 2434 2911,
804 2354 871 2433 olim
894 2354 980 2406 Scrin.
1005 2354 1035 2406 C.

62 2420 364 2543 1116111111
385 2422 646 2544 ’111111111111
668 2439 794 2543 ihc.
805 2421 1036 2546 11111111

73 2505 108 2542 θ’
180 2531 188 2558 ’
365 2507 523 2612 ’66116
541 2530 604 2613 vus
616 2531 711 2626 es.)'
891 2508 909 2560 Ρ
986 2531 991 2542 ’

149 2731 339 2797 Clarissimo
366 2733 438 2795 viro
463 2730 504 2794 D.
527 2731 645 2796 Ioanni
666 2731 805 2797 Calvino
830 2732 1036 2797 Ganevensis

63 2817 220 2884 ecclesiae
241 2819 392 2882 ministro
419 2817 608 2882 fidelissimo
637 2817 768 2882 domino
797 2836 856 2881 suo
881 2815 1037 2882 colendis-

62 2903 146 2968 simo
167 2916 199 2967 61
221 2903 316 2967 fratri
337 2903 512 2969 carissimo.
839 2988 871 3053 G
916 2989 945 3051 ff

872 3010 914 3053 en
941 3038 949 3053 .

148 3158 184 3225 S.
203 3157 246 3223 D.
280 3159 468 3224 Reverendi
491 3159 615 3225 domini
636 3167 670 3224 et
691 3161 809 3225 fratres
832 3159 874 3223 D.
888 3159 1036 3225 Furettns

61 3256 97 3310 et
118 3245 160 3309 D.
184 3244 274 3309 Bccc
298 3243 438 3327 benigne
460 3266 480 3308 a
502 3246 699 3328 magistratu
727 3245 826 3310 huius
848 3246 939 3310 urbis
967 3266 1036 3309 am·

61 3330 209 3414 piissimo
233 3342 266 3394 61
289 3330 419 3411 excepti
441 3339 476 3394 61
498 3331 601 3395 auditi
623 3342 657 3396 et
678 3331 805 3395 dimissi
826 3340 912 3395 snut.
962 3330 1036 3415 Ego

60 3418 99 3481 in
116 3426 231 3482 senatu
249 3416 436 3499 interpretis
453 3437 590 3481 munere
607 3415 776 3501 fungebar.
808 3416 1036 3499 impetrarunt

60 3504 171 3567 omnia
192 3523 251 3585 per
262 3500 325 3566 Dei
347 3503 489 3584 gratiam
508 3504 554 3565 uti
578 3502 753 3566 voluerunt
774 3512 925 3584 rectaque
948 3501 1035 3567 abie-

59 3602 141 3653 runt
161 3585 407 3653 Schasthusium
430 3598 463 3651 et
484 3587 657 3652 Basileam.
674 3592 698 3664 ¹)
748 3589 856 3671 Atque
878 3589 932 3653 hic
953 3609 1035 3652 non·

60 3673 144 3739 nihil
167 3673 274 3738 haesit
292 3693 399 3738 causa.
443 3674 490 3739 Ut
507 3674 593 3739 enim
617 3673 784 3756 Tigurinis
811 3674 1036 3740 Beruensibus

61 3757 429 3825 etSchasthnsiensibus
449 3759 553 3824 visum
577 3765 626 3823 est
644 3760 803 3841 optimum
826 3760 903 3836 fore,
922 3760 950 3824 si
968 3760 1035 3824 sin-

61 3846 132 3930 guli
153 3844 255 3928 legati
276 3846 451 3910 mittantur
473 3845 513 3909 ad
536 3845 672 3927 Regem,
682 3846 710 3921 2)
733 3844 780 3908 ita
803 3845 1035 3910 hocBasilien-

60 3932 152 3996 sibus
173 3931 303 4013 placere
324 3952 389 3996 non
413 3932 526 4013 potuit,
549 3931 612 3995 nisi
631 3930 800 3995 celebratis
822 3933 914 4014 prius
936 3933 1035 3996 oomi·

60 4017 128 4081 tiis.
172 4016 284 4081 Nostri
308 4036 385 4099 ergo
407 4015 468 4080 hoc
489 4016 632 4081 Bernam
656 4017 924 4099 perscripserunt.
977 4017 1034 4080 In·

59 4101 148 4167 dicta
170 4114 250 4166 sunt
270 4103 401 4168 comitia
419 4113 453 4166 et
473 4103 636 4167 celebrata
657 4103 821 4167 Aaroviae
841 4103 882 4167 ab
899 4102 1034 4168 urbibus

59 4194 91 4253 9.
107 4188 200 4253 Maii.
243 4189 293 4252 Ao
314 4187 451 4268 pulchre
473 4188 510 4252 hi
530 4209 590 4270 per
613 4187 678 4253 Dei
697 4188 836 4271 gratiam
857 4189 944 4253 inter
962 4208 1034 4254 sese

60 4284 298 4339 convenerunt.
351 4274 503 4338 Mittatur
530 4293 608 4357 ergo
630 4272 750 4357 legatio
773 4274 814 4339 ad
836 4275 972 4358 Regem,
1001 4283 1035 4339 et

59 4359 193 4442 quidem
215 4378 256 4422 ex
283 4360 424 4444 singulis
451 4361 587 4425 urbibus
608 4359 732 4442 singuli
759 4359 869 4444 legati.
913 4359 1035 4425 Noster

58 4445 206 4511 delectus
228 4445 294 4507 iam
316 4454 366 4511 est
387 4454 422 4510 et
442 4446 657 4528 exspectat⁸l
695 4444 769 4510 Non
791 4447 897 4528 potnit
923 4453 1034 4510 autem

164 4632 194 4696 8)
213 4632 392 4702 1611666666
418 4638 449 4686 in
475 4633 530 4698 fine
556 4633 754 4688 6666111666
780 4634 894 4687 formam
920 4632 1035 4686 subiecit

58 4702 232 4822 fbogrgtossioni
249 4703 387 4756 exhibitae
404 4703 484 4766 Bana,
506 4703 530 4754 si
554 4718 621 4770 qnos
638 4703 789 4755 offenderat
811 4705 918 4771 placare
940 4709 1034 4770 posset

60 4838 194 4900 26801)
212 4837 255 4904 Of.
273 4839 313 4894 N.
331 4837 409 4893 2621.

165 4907 195 4973 2)
216 4909 369 4962 Beruenses
387 4915 412 4961 et
435 4907 593 4961 anicenses
618 4909 775 4977 66116666
793 4906 957 4972 6611166166
974 4922 1033 4961 cnm

60 4977 139 5045 Repe
160 4979 232 5030 mira
249 4983 432 5041 recusassent,
457 4975 512 5030 ribi
528 4976 561 5031 ric
577 4976 630 5031 1166
650 4979 782 5044 trundum
803 4992 904 5044 parum
924 4975 1033 5043 poltice-

58 5049 170 5101 bancnr.
207 5046 299 5112 (Heca,
315 5046 389 5100 Bon.
406 5045 440 5098 II.
457 5044 529 5112 337.)

165 5116 194 5180 3)
215 5113 257 5168 16.
277 5113 395 5168 Eucter:
418 5115 572 5168 Beruenses
599 5115 740 5169 6111161661
763 5114 806 5167 16.
830 5112 926 5183 Wyar,
949 5112 1032 5166 Basi-

57 5184 164 5305 ἔσηκε
179 5183 364 5303 21166116616,
394 5183 601 5250 Scbcrtiram'cni
627 5182 833 5237 1610661611.
868 5181 963 5249 (11666.
981 5183 998 5234 1.
1016 5182 1034 5235 1.

89 5267 162 5305 cnm.
218 5254 253 5317 1.)

164 5336 275 5392 0616166·
289 5353 380 5407 opera.
420 5337 476 5394 Vct.
495 5336 524 5390 X
530 5337 577 5393 Vt.

957 341 1038 401 1557
1060 337 1157 404 MAI.

1993 349 2059 412 481

1084 525 1223 592 obtineri
1244 527 1330 611 qnod
1352 530 1471 594 nostris
1490 531 1596 596 visum
1618 532 1732 612 fuerat,
1756 541 1794 598 ut
1810 554 1899 599 nunc
1920 542 1954 600 et
1970 543 2064 602 recta

1084 614 1367 694 proficiscerentur
1389 616 1490 699 legati
1513 617 1553 681 ad
1581 618 1717 701 Regem.
1767 618 1879 700 Quum
1903 621 1992 685 enim
2013 621 2058 688 D.

1086 697 1235 764 Fcrettnc
1256 707 1289 763 et
1311 699 1401 766 Berc
1429 701 1547 766 iratres
1575 703 1712 784 proiecti
1735 705 1802 769 sint
1824 705 1865 770 ad
1894 707 2061 790 principes

1086 781 1279 860 Germanos,
1297 786 1405 850 risum
1416 794 1466 851 661
1477 786 1640 852 Helvetiis
1651 789 2061 876 imprudentissimeprae·

1085 869 1173 932 verti
1202 869 1242 932 ab
1271 871 1319 934 616
1347 873 1441 936 istos:
1478 881 1575 954 atque
1603 875 1675 939 16116
1704 895 1834 940 omnem
1863 876 1932 941 tore
1967 898 2060 959 spem

1086 956 1267 1034 praecisam
1289 957 1316 1020 si
1340 958 1503 1038 repulsam
1525 959 1694 1039 patiantur
1708 960 1808 1044 legati
1820 961 2058 1028 Helvetiorum.

1086 1038 1158 1102 Iam
1182 1060 1260 1105 vero
1281 1041 1406 1125 legatos
1425 1064 1494 1108 una
1515 1043 1704 1110 coniunctos
1726 1046 1897 1111 Helvetios
1918 1055 1952 1111 et
1973 1047 2060 1113 Ger·

1087 1144 1202 1189 manos
1224 1127 1298 1209 plus
1319 1127 1406 1210 apud
1418 1129 1543 1211 Regem
1561 1130 1742 1196 effecturos.
1787 1132 1903 1213 Itaque
1925 1154 2061 1214 exspec-

1088 1218 1198 1275 tamus
1210 1214 1238 1286 ⁴)
1267 1214 1390 1276 iamin
1413 1211 1500 1277 diem
1527 1214 1646 1281 1161166
1669 1225 1796 1280 nostros
1826 1216 1867 1280 D.
1899 1217 2061 1284 Furciinm

1087 1304 1120 1359 61
1143 1295 1277 1375 Renum,
1300 1308 1336 1362 nt
1358 1319 1399 1362 ex
1422 1299 1468 1363 eis
1492 1299 1662 1364 audiamus
1683 1299 1761 1382 quid
1783 1303 1951 1367 effecerint
1972 1303 2060 1386 apud

1088 1381 1273 1447 Germanos
1295 1384 1466 1465 principes.
1518 1383 1556 1450 Si
1579 1384 1614 1449 hi
1637 1406 1764 1468 quoque
1786 1386 1948 1454 adornant
1968 1389 2059 1473 lega·

1087 1466 1222 1544 tionem,
1244 1468 1390 1533 Helvetii
1411 1490 1490 1534 mox
1511 1470 1577 1534 illis
1600 1471 1707 1535 locum
1730 1479 1763 1536 et
1784 1480 1914 1555 tempus
1935 1473 2060 1539 indica-

1087 1551 1171 1615 bunt
1199 1553 1255 1618 ubi
1284 1556 1493 1620 conveniant
1550 1554 1588 1620 si
1618 1559 1747 1621 mittere
1782 1558 1956 1636 noluerint,
1989 1570 2060 1624 tum

1088 1636 1210 1719 absque
1231 1660 1322 1703 mora
1344 1641 1547 1705 festinabunt
1568 1642 1723 1720 Helvetii,
1746 1644 1802 1726 qui
1825 1644 1908 1708 alias
1930 1665 2060 1728 qnoque

1089 1723 1272 1788 Germanos
1304 1726 1468 1809 urgebunt
1499 1735 1536 1790 ut
1567 1728 1732 1791 1661116111.
1787 1729 1920 1793 Interea
1948 1731 2061 1795 Barna

1088 1810 1244 1874 nuncium
1268 1818 1302 1874 et
1322 1810 1435 1875 literas
1456 1812 1589 1876 nomine
1606 1815 1771 1877 communi
1789 1816 1889 1878 mittit
1908 1816 1944 1879 in
1956 1816 2061 1881 Pede-

1087 1905 1232 1959 montem
1254 1894 1295 1960 ad
1317 1896 1359 1960 D.
1383 1895 1616 1975 Brisucinm,⁵)
1637 1899 1837 1964 obtestantes
1859 1900 1888 1964 61
1910 1900 1987 1982 qnid
2010 1922 2062 1967 se-

1088 1981 1198 2045 verius
1226 1982 1288 2063 ipsi
1318 1983 1353 2046 in
1382 1981 1495 2048 fideles
1524 1982 1767 2065 exsequendum
1794 1986 1997 2070 iniungatur,
2019 2008 2063 2053 ne

1086 2066 1234 2130 festinet:
1258 2088 1293 2131 se
1315 2067 1403 2132 enim
1425 2070 1491 2132 iam
1514 2088 1585 2133 esse
1607 2070 1767 2134 accinctos
1785 2071 1896 2134 itineri
1917 2079 1952 2136 61
1972 2080 2063 2137 reeta

1087 2152 1291 2233 profecturos
1312 2153 1354 2217 ad
1375 2154 1503 2237 Regem
1526 2155 1559 2217 in
1583 2175 1682 2219 causa
1703 2154 1849 2220 fidelium
1871 2177 1946 2221 oum
1968 2158 2061 2241 Rege

1087 2239 1222 2301 acturi*
1244 2248 1303 2302 etc.
1327 2239 1419 2303 Deus
1442 2238 1523 2304 bene
1550 2240 1702 2304 fortunat.
1746 2241 1787 2304 Id
1809 2253 1846 2305 ut
1875 2250 2061 2325 praestetur

1087 2323 1238 2404 precibus
1259 2323 1398 2405 publicis
1420 2325 1504 2389 serio
1526 2326 1699 2390 instamus.

1173 2410 1214 2472 D.
1226 2410 1370 2492 legatum
1388 2411 1517 2492 regium
1535 2410 1617 2475 mihi
1635 2410 1737 2477 abste
1755 2411 2061 2492 commendatum,⁶)

1086 2496 1194 2559 virum
1229 2496 1372 2577 proiecto
1404 2496 1604 2576 piissimum,
1637 2518 1701 2579 qua
1732 2498 1822 2579 potui
1856 2498 2061 2564 humanitate

1087 2581 1199 2662 excepi
1226 2590 1261 2645 et
1288 2581 1488 2663 amplissimo
1516 2583 1726 2665 magistratui
1754 2594 1866 2648 nostro
1896 2605 2060 2649 commen-

1088 2665 1171 2731 dari.
1227 2664 1463 2731 (tommendavi
1484 2666 1577 2731 illum
1601 2678 1635 2732 et
1661 2668 1817 2733 fratribus
1845 2668 2061 2735 Ouriensibus

1087 2760 1121 2816 et
1142 2772 1195 2815 me
1218 2759 1322 2816 totum
1343 2752 1392 2816 illi
1415 2753 1560 2834 exposui.
1597 2754 1735 2818 Possum
1757 2753 1806 2816 illi
1828 2754 1966 2836 singulis
1988 2775 2061 2837 sep·

1088 2837 1221 2901 timanis
1247 2837 1358 2902 literas
1380 2838 1512 2903 mittere
1534 2859 1593 2921 per
1613 2848 1818 2905 mercatores.
1868 2839 1930 2904 Ille
1952 2862 1987 2905 se
2010 2842 2060 2904 vi·

1088 2923 1198 2987 cissim
1221 2942 1451 3004 responsurum
1475 2923 1646 3005 promittit.
1699 2923 1789 2988 Dum
1812 2923 1865 2989 hic
1889 2926 1976 3007 apud
1998 2945 2060 2990 nos

1088 3017 1221 3091 propter
1255 3009 1440 3090 pluviosum
1474 3009 1600 3073 coelum
1634 3010 1785 3074 haereret
1820 3030 1879 3093 per
1912 3009 2058 3091 biduum,

1088 3094 1197 3158 Roma
1217 3095 1310 3159 venit
1331 3095 1501 3177 episcopus
1523 3096 1693 3160 1166611616
1716 3096 1866 3178 princeps
1888 3095 2062 3178 Metptitu·

1088 3181 1191 3254 nns,⁷)
1216 3179 1313 3244 homo
1341 3189 1501 3262 quantum
1530 3201 1572 3244 ex
1600 3179 1758 3264 colloquio
1786 3180 1880 3244 licuit
1907 3181 2060 3265 colligere

1087 3285 1154 3329 non
1176 3264 1303 3329 alienus
1326 3286 1346 3329 a
1367 3277 1480 3330 nostra
1501 3265 1667 3348 religione.
1707 3266 1799 3330 Deus
1821 3266 1884 3350 ipsi
1913 3267 2060 3331 animum

1088 3348 1195 3424 addat,
1218 3349 1453 3433 utaliquando
1483 3349 1567 3434 quod
1591 3351 1779 3415 faciundum
1811 3352 1905 3416 novit
1931 3352 2059 3417 audeat.

1173 3433 1225 3499 De
1247 3456 1321 3500 mea
1344 3436 1383 3500 ad
1406 3457 1465 3500 vos
1487 3437 1687 3518 profectione
1709 3436 1792 3500 nihil
1814 3437 1968 3519 polliceor
1990 3457 2060 3502 am·

1087 3520 1182 3603 plius.
1232 3521 1337 3596 Nosti,
1360 3523 1407 3585 mi
1429 3523 1559 3586 domine
1581 3533 1616 3586 61
1637 3524 1755 3599 116161,
1777 3523 1863 3605 quali
1886 3523 1947 3587 sim
1969 3523 2005 3586 in
2027 3534 2059 3587 16

1088 3617 1224 3689 tuosque
1247 3610 1365 3681 animo,
1389 3617 1554 3689 utcunque
1576 3628 1746 3690 nunquam
1769 3618 1801 3671 16
1827 3609 1967 3672 salutem
1991 3608 2059 3673 Ge-

1088 3713 1202 3756 66166.
1246 3694 1314 3758 Res
1336 3713 1428 3769 meae
1451 3714 1539 3759 nunc
1561 3694 1606 3756 ita
1627 3693 1751 3756 habent
1768 3692 1881 3757 multis
1901 3691 2004 3758 modis
2024 3703 2060 3756 ut

1087 3779 1248 3859 proticisci
1270 3798 1337 3842 non
1361 3779 1490 3862 possim.

1173 3862 1316 3928 Domitia
1349 3865 1504 3930 Polonioa
1533 3863 1689 3928 dissoluta
1722 3874 1806 3927 sunt.
1862 3865 1908 3927 Et
1936 3861 2057 3928 bellum

1086 3947 1317 4023 Livonicnm⁸)
1340 3950 1425 4033 quod
1447 3947 1627 4033 gerandum
1649 3947 1793 4013 creditur
1810 3948 1932 4032 aRege
1950 3948 2058 4013 effecit

1188 4222 1218 4289 4)
1238 4223 1360 4290 Prutcctr'
1383 4230 1446 4276 6661
1468 4223 1652 4277 Heluetiorum
1675 4222 1756 4290 16666·
1778 4219 1916 4284 616116,
1943 4220 2055 4274 Germa·

1086 4305 1183 4346 norum
1201 4295 1309 4346 ratione
1325 4307 1381 4345 nen
1404 4292 1499 4346 babitu
1533 4291 1612 4345 uitas
1631 4305 1758 4359 promeae
1780 4289 1889 4344 1616161
1908 4288 2055 4344 Stamina.

1187 4358 1218 4424 b)
1238 4360 1437 4414 Marcscalcnm
1454 4360 1487 4414 dc
1532 4361 1627 4415 rissnc.
1663 4358 1766 4426 (Bcnm
1783 4356 1799 4411 i.
1818 4357 1849 4423 t.)

1187 4428 1217 4564 ii
1234 4428 1534 4552 {affueran-
1566 4494 1701 4562 prnepn
1734 4492 1767 4544 6
1795 4491 1902 4561 napa
1927 4494 2054 4562 (666)

1083 4565 1166 4630 nnus,
1184 4581 1224 4632 ep.
1241 4566 1411 4621 Trecrncr’nm
1428 4562 1780 4631 circumstances).
1806 4561 1880 4616 Hiar.
1898 4565 1958 4616 6661.
1976 4563 1996 4617 1.
2007 4562 2055 4617 83:

1085 4635 1175 4703 lequel
1201 4635 1276 4687 aiant
1301 4635 1360 4688 este
1385 4635 1420 4687 16
1447 4636 1598 4701 longtemps
1626 4631 1737 4684 instruit
1762 4646 1795 4682 en
1822 4631 1849 4682 la
1874 4629 1996 4685 doctrina
2020 4633 2055 4685 16

1086 4704 1174 4757 veriti
1200 4709 1292 4757 monta
1318 4703 1447 4757 aussitost
1474 4702 1572 4770 (quum
1598 4715 1636 4767 ep.
1664 4704 1771 4753 creatus
1797 4702 1876 4763 66661)
1904 4715 1938 4752 en
1964 4700 2054 4753 chaire
2135 4756 2138 4761 .

1084 4771 1230 4841 presohant
1247 4788 1381 4852 61661116
1398 4770 1501 4851 grande
1522 4784 1601 4848 grace
1620 4772 1648 4820 et
1664 4767 1719 4847 tort
1735 4767 1883 4846 librement
1896 4773 1991 4820 contre
2014 4769 2054 4821 les

1085 4842 1152 4892 abus
1176 4841 1210 4892 de
1233 4840 1333 4905 l’eghse
1351 4841 1489 4903 Romame,
1513 4838 1614 4890 hormrs
1637 4834 1705 4916 qu’rl
1725 4852 1758 4887 ne
1776 4835 1898 4888 bonchort
1915 4839 1932 4890 a
1954 4837 1981 4888 la
1998 4850 2053 4889 ma·

1084 4910 1153 5030 11
1169 4909 1252 5031 {lili
1268 4909 1598 5039 latta.t..f'²‘2tf.t⁸
1619 4906 2055 5042 {latitantium

1083 4996 1176 5115 aperie
1190 5044 1382 5111 reformationi
1393 5046 1489 5112 fouens
1507 5041 1586 5126 (6111.
1603 4990 1624 5093 i
1643 5039 1718 5106 761).
1752 5109 1758 5121 ⁴
1783 5109 1788 5120 .
1920 5110 1925 5122 ι
1946 5111 1950 5121 Ι

1132 5187 1136 5195 «
1187 5114 1226 5195 ⁸³-
1239 5114 1341 5236 nu
1360 5108 1950 5248 tenni.
1959 5108 2054 5247 61·

1084 5191 1396 5316 micilmomim
1412 5251 1510 5320 quibus
1522 5249 1587 5304 dicit
1604 5248 1752 5302 Varronicr
1768 5246 1915 5384 6613166166
1929 5245 2055 5312 tucrum.

1833 5333 1846 5383 1
