4688 5910
130 304 188 367 etl
966 307 1047 369 lto?
1069 300 1296 370 snmus.
2066 311 2140 379 ⁶42

128 490 251 567 veniat,
270 500 304 555 at
335 489 539 556 nostratibus
567 493 748 557 maximum
770 492 859 558 inter
880 513 915 558 se
936 499 988 558 est
1008 489 1103 556 disei-
1153 490 1266 556 dubito
1288 513 1367 568 rem,
1389 491 1420 557 si
1447 491 1490 558 ad
1516 491 1770 577 disputationem
1801 505 1936 562 sentum
1958 496 2128 565 erithone

129 576 229 641 dium.
274 574 358 641 Nam
387 574 568 642 Ihenenses
599 579 708 644 asnis
730 578 942 662 prinoipibus,
965 576 1102 664 dueibus
1152 596 1387 644 suoosssuram.
1429 575 1522 644 Haeo
1543 578 1584 644 de
1605 579 1776 663 oolloquio.

128 660 296 728 saxoniae
315 660 392 726 liliis
410 661 565 728 lobannis
577 662 745 741 Manioi,
769 664 891 730 habent
912 665 946 729 in
969 662 1102 728 manda
1237 662 1453 729 Germaniam
1482 663 1564 729 alias
1593 666 1629 729 in
1657 666 1767 731 reditu
1798 667 1879 732 satis
1900 674 2049 749 paoatam
2074 689 2134 734 re·

128 747 173 813 tis
193 746 383 812 nullatanus
400 747 442 812 ad
460 746 604 831 aliquam
626 772 702 814 oum
723 749 920 816 adversariis
942 751 1101 816 astionem
1151 748 1230 830 peri,
1243 749 1308 813 nisi
1317 747 1404 831 quod
1415 750 1620 832 Argentiuae
1632 753 1673 816 20
1683 752 1829 836 insignia
1839 751 1985 836 peditum
1995 760 2030 817 et
2043 757 2129 819 1000

150 833 291 915 regredi,
314 841 488 916 antequam
518 833 716 899 damnentur
742 836 834 901 Zwin
858 835 1021 901 lianorum
1045 844 1103 900 aut
1152 833 1278 916 equitas
1299 835 1406 918 reperi
1428 835 1484 916 qui
1505 834 1619 901 urbem
1642 835 1745 903 eodie
1766 857 1830 919 quo
1852 836 1929 903 veni
1950 838 2129 921 praeterie-

127 853 479 997 gaeramentariorum,
503 919 803 1002 Anabaptistarnm,
826 857 1101 987 (lsiandrinorum
1152 928 1230 984 runt
1257 919 1512 1003 Lotharingiam
1539 943 1661 997 versus,
1695 932 1729 987 et
1745 923 1917 1006 ignoratur
1937 923 2045 989 adhue
2063 944 2129 1006 quo

128 1013 163 1069 et
184 1001 518 1069 Sweuoht'eldioorum
540 1004 701 1072 haereses.
718 1010 743 1084 ὅ)
1153 1003 1300 1069 tendant
1338 1005 1485 1088 Philippi
1516 1007 1603 1091 regis
1637 1008 1779 1092 Angliae
1811 1028 1931 1073 nomen
1963 1018 1996 1073 et
2030 1009 2127 1092 signa

216 1087 292 1170 Qua
313 1089 349 1153 in
371 1111 406 1154 re
436 1091 477 1154 D.
509 1088 680 1172 Philippus
708 1113 783 1157 oum
814 1092 887 1157 aliis
909 1090 1102 1176 quibusdam
1153 1098 1274 1173 gerunt
1295 1099 1329 1155 et
1356 1089 1536 1155 ereduntur
1564 1100 1622 1157 aut
1646 1096 1695 1179 in,
1711 1093 1905 1178 Burgundia
1926 1103 1983 1158 aut
2000 1095 2126 1160 Lotha·

128 1176 290 1242 haetenus
313 1175 524 1241 vehementer
540 1176 671 1254 restitit,
693 1186 727 1242 et
748 1177 819 1242 heri
842 1175 958 1254 adhue,
980 1190 1018 1243 ιιι
1045 1197 1103 1242 au·
1152 1176 1261 1260 ringis
1282 1177 1497 1259 irruptionem
1520 1178 1553 1241 in
1576 1198 1714 1262 regnum
1737 1178 1865 1244 Galliae
1887 1181 2028 1246 laoturos
2044 1199 2127 1246 esse.

129 1262 192 1338 dio,
216 1260 311 1326 valde
333 1260 522 1326 alternatum
541 1263 613 1342 fnit.
658 1262 767 1346 Saepe
791 1263 891 1327 etiam
912 1262 961 1327 illi
983 1261 1102 1328 diseas·
1153 1261 1226 1344 Ego
1247 1282 1336 1326 nune
1357 1261 1397 1326 ob
1420 1262 1543 1344 ahquas
1561 1284 1675 1348 oausas
1692 1264 1843 1330 solariter
1863 1264 1901 1328 in
1921 1265 2061 1348 patriam
2078 1267 2127 1330 ire

129 1369 205 1414 sum
238 1346 355 1410 minati
383 1357 470 1411 sunt.
525 1345 592 1412 Sed
625 1369 644 1412 s
677 1349 758 1414 viris
789 1349 883 1414 bonis
914 1347 1011 1413 audio
1032 1369 1101 1413 rem
1153 1367 1259 1430 sogor.
1309 1344 1377 1412 Sed
1400 1346 1474 1412 Deo
1497 1349 1627 1413 volente
1658 1357 1732 1433 post
1757 1370 1904 1415 mensem
1930 1372 2034 1415 unum
2062 1351 2127 1417 huo

128 1453 235 1517 paene
256 1453 293 1497 eo
314 1432 503 1515 perductam
522 1444 558 1496 ut
578 1431 747 1516 Philippus
774 1456 848 1500 oum
867 1434 936 1499 suis
957 1434 1104 1499 obtinue—
1152 1442 1300 1498 revertar
1320 1441 1354 1498 et
1375 1432 1453 1516 quid
1465 1433 1519 1499 hio
1540 1445 1658 1517 agatur
1678 1435 1791 1500 sedulo
1812 1434 1853 1500 ad
1870 1443 1903 1500 ta
1920 1435 2125 1519 persaribam.

128 1520 184 1594 rit,
205 1528 237 1583 et
265 1538 335 1582 rem
363 1519 411 1583 ita
438 1516 638 1583 moderatam
660 1540 732 1584 esse
758 1521 926 1602 (quoniam
954 1520 1101 1603 iniquum
1153 1519 1204 1583 Tu
1226 1518 1370 1596 interim,
1392 1519 1447 1583 vir
1467 1518 1712 1599 humanissime,
1735 1541 1810 1587 eum
1820 1520 1956 1589 eoolosia
1976 1531 2035 1586 tna
2051 1522 2127 1588 vale

130 1616 217 1671 esset
239 1624 326 1668 nune
347 1603 507 1680 absentes,
533 1624 613 1685 quos
635 1605 682 1668 illi
706 1607 849 1687 eupiunt
874 1605 1100 1683 oondomnare,
1153 1613 1262 1669 etms
1289 1602 1439 1688 preeibus
1465 1606 1531 1668 tuis
1559 1605 1822 1671 eommendatum
1850 1606 1943 1671 habe.
1986 1606 2128 1690 Siquid

130 1699 164 1755 et
186 1692 285 1754 etiam
308 1688 362 1753 hie
380 1698 645 1754 eonventuseam
665 1689 706 1755 ob
727 1712 855 1756 oausam
879 1712 943 1755 non
962 1690 1103 1756 indiotus
1153 1691 1341 1755 humanitas
1352 1697 1464 1755 vestra
1481 1689 1562 1754 mihi
1582 1690 1810 1756 commendare
1821 1692 1901 1758 velit
1918 1701 1975 1757 aut
1992 1691 2127 1758 aliasad

130 1776 184 1853 sit,
207 1772 264 1839 sed
286 1784 415 1839 tantum
437 1787 474 1838 nt
498 1796 572 1840 oum
594 1776 730 1862 papistis
753 1777 901 1860 agatur),
931 1777 1104 1843 utstatim
1153 1795 1208 1839 me
1228 1776 1378 1851 seribere,
1400 1777 1535 1841 oonvani
1553 1795 1627 1840 oum
1639 1777 1679 1840 D.
1696 1775 1841 1858 Crispino
1862 1785 1901 1842 ut
1921 1778 2033 1842 literas
2050 1797 2126 1842 suas

131 1862 192 1928 snb
214 1862 313 1925 finem
335 1859 432 1925 huius
461 1860 609 1943 oolloquii
627 1862 789 1945 generalis
809 1862 955 1928 omnium
979 1872 1103 1945 protes·
1155 1861 1219 1926 huo
1241 1860 1622 1943 adarohigrammateum
1645 1861 1741 1926 huius
1760 1862 1860 1938 urbis,
1879 1864 1988 1928 virum
2006 1864 2129 1929 bonum

129 1947 275 2013 tantium
308 1946 453 2029 synodus
484 1944 654 2025 indicatur,
667 1949 692 2030 8)
725 1948 761 2011 in
794 1968 857 2030 quo
891 1948 930 2013 de
952 1946 1104 2013 omnibns
1154 1954 1189 2012 et
1209 1947 1361 2012 omnibus
1383 1946 1464 2011 satis
1486 1955 1610 2022 notum,
1633 1948 1763 2012 nomine
1780 1947 1946 2014 Iohannes
1968 1948 2129 2015 Melohior

131 2031 288 2099 doetrinis
305 2031 371 2096 illis
388 2030 484 2113 plene
495 2030 692 2114 disputetur:
705 2033 766 2099 hoo
782 2034 829 2097 ita
839 2033 991 2098 effectum
1009 2054 1103 2098 suum
1158 2031 1295 2109 Seulber,
1306 2035 1335 2107 ⁷)
1364 2032 1495 2114 dirigat,
1524 2034 1579 2114 qui
1609 2053 1662 2096 aas
1690 2054 1827 2116 semper,
1849 2032 2032 2117 ubieunque
2055 2034 2128 2116 sim,

130 2124 411 2200 oonseqnuturum
433 2137 553 2201 magna
572 2138 646 2201 spes
665 2128 724 2184 est.
755 2116 822 2184 Sed
845 2120 885 2183 do
903 2120 1039 2203 papistis
1058 2118 1105 2182 ni·
1156 2117 1198 2182 ad
1230 2138 1283 2181 me
1315 2118 1446 2181 mittere
1477 2118 1605 2199 poterit.
1650 2118 1774 2182 Iterum
1808 2119 1880 2184 vale
1916 2120 1953 2183 in
1984 2119 2128 2186 Ohristo.

130 2203 180 2270 hil
198 2213 357 2287 speratur,
381 2212 414 2266 et
430 2204 594 2268 sufficeret
611 2203 740 2287 quidem
763 2205 791 2268 si
810 2225 871 2281 res,
900 2204 985 2288 quod
1007 2204 1104 2287 plane
1156 2204 1279 2268 Datum
1302 2203 1504 2268 Wormatiae
1534 2207 1563 2268 8.
1595 2201 1724 2268 (laland.
1748 2203 1914 2286 Septemb.
1926 2204 1952 2290 ⁸)
1975 2224 2061 2270 anno
2077 2210 2128 2270 ot.

132 2288 268 2363 eonfido,
291 2288 378 2352 inter
406 2303 533 2353 nostros
557 2301 812 2371 componeretur.
857 2291 904 2354 'Pe
926 2292 1025 2354 etiam
1049 2311 1104 2355 vo·

131 2385 244 2441 oatum
263 2373 305 2437 iri
326 2373 368 2438 ad
389 2373 480 2437 illam
503 2373 665 2457 synodum
687 2396 800 2439 omnes
821 2385 954 2458 putant:
978 2374 1019 2440 de
1040 2394 1103 2457 quo

130 2460 175 2525 D.
202 2458 382 2541 Philippus,
405 2467 443 2523 ut
465 2459 595 2541 opinor,
624 2460 754 2542 plonius
776 2462 902 2525 seribet.
936 2461 1009 2545 Ego
1030 2481 1104 2525 oum

131 2547 205 2629 ipso
227 2543 404 2608 advemens
426 2543 537 2609 sedulo
558 2545 619 2629 egi,
638 2545 762 2629 utquid
786 2546 923 2612 sentiret
944 2547 984 2611 de
1005 2566 1106 2610 ooena

131 2630 270 2696 Domini
298 2629 427 2712 publioo
457 2631 577 2712 scripto
599 2652 687 2695 nuno
708 2640 893 2697 testaretur.
938 2632 973 2697 Is
995 2643 1103 2696 autem

131 2715 312 2800 respondit,
352 2736 387 2779 se
419 2715 452 2780 id
473 2727 548 2781 ante
582 2730 778 2782 conventum
811 2717 977 2801 publicum
1008 2738 1103 2799 quem

129 2802 218 2868 hano
240 2802 280 2865 ob
302 2822 433 2866 eausam
457 2823 476 2865 a
498 2802 698 2884 principibus
720 2802 881 2867 indietum
900 2802 941 2866 iri
959 2811 1105 2885 speraret

129 2908 198 2953 non
218 2887 391 2964 fauturum,
414 2908 456 2951 ne
477 2886 620 2952 furorem
644 2888 988 2974 Westphalieanorum
1007 2908 1105 2970 auge·

129 2984 184 3038 ret
205 2984 238 3036 et
260 2973 387 3036 animos
409 2973 556 3053 ipsorum
579 2995 598 3037 a
620 2994 655 3037 se
677 2982 847 3051 averteret,
871 2975 917 3037 ita
934 2984 972 3038 ut
993 2982 1106 3055 postea

130 3059 172 3123 ad
195 3069 394 3124 conventum
417 3078 483 3125 non
506 3060 673 3123 venirent:
686 3058 890 3144 diligentiam
909 3072 1018 3124 nmen
1037 3079 1105 3123 om-

129 3165 208 3210 nem
230 3164 266 3208 se
294 3141 516 3208 adhibiturum
550 3145 727 3209 affirmavit
755 3167 796 3209 ne
821 3145 986 3228 negotium
1018 3145 1106 3208 ultra

130 3230 309 3296 differatur.
367 3229 448 3293 Tuis
486 3229 589 3294 literis
616 3230 783 3295 hominem
816 3229 911 3295 valde
944 3229 1105 3294 stimulari

130 3317 251 3380 sentio:
276 3333 376 3397 quare
405 3322 442 3378 ut
473 3313 642 3380 seribendo
660 3335 778 3398 pergas
800 3315 1011 3380 utilissimum
1035 3315 1105 3379 orit.

129 3401 273 3466 Plurimi
297 3401 379 3464 bene
409 3413 543 3482 sperant
570 3401 609 3464 de
637 3401 863 3466 eoneiliatione
892 3402 920 3465 si
943 3401 983 3465 ad
1005 3401 1105 3464 talem

129 3497 330 3551 eonventum
364 3507 415 3550 res
451 3486 627 3567 perveniat.
682 3486 758 3569 Ipse
791 3486 922 3569 quidem
955 3486 1106 3569 experior

130 3593 230 3656 quam
252 3571 412 3636 obeaooati
442 3572 508 3636 sint
537 3584 722 3637 nostrornm
745 3571 855 3650 animi,
878 3585 911 3636 et
933 3593 1105 3654 praeoaou-

129 3658 201 3741 pati
233 3656 419 3722 nominibus
450 3656 517 3721 illis
555 3656 674 3724 odiosis
713 3657 1038 3722 saoramentariorum
1073 3666 1106 3720 et

129 3743 420 3826 Zwiuglianorum,
448 3742 496 3806 ita
523 3751 560 3806 ut
587 3743 644 3806 vix
678 3742 717 3807 de
745 3753 777 3806 te
806 3742 895 3826 loqui
930 3743 1105 3824 patiantur,

130 3829 207 3911 qnia
246 3837 277 3892 te
316 3836 504 3909 suspeetnm
545 3826 695 3893 habeant.
756 3828 822 3893 Sed
863 3827 946 3892 nihil
988 3827 1105 3891 melius

130 3936 203 3979 esse
225 3914 426 3996 experientia
455 3934 507 3977 me
538 3913 646 3977 doenit
674 3934 770 3996 quam
794 3914 990 3978 sententiam
1015 3924 1105 3976 tuam

131 3999 172 4064 de
209 4009 413 4065 saoramento
443 3998 636 4080 simplieiter
663 4020 853 4083 proponere,
883 4019 979 4081 quam
1005 4019 1104 4079 quum

130 4083 272 4150 audiunt
293 4094 326 4148 et
343 4093 376 4149 te
398 4088 519 4148 sentire
541 4105 609 4148 rem
632 4085 734 4166 ipsam
747 4106 820 4149 oum
838 4084 933 4168 signo
954 4085 1105 4149 eoniuno·

129 4181 201 4236 tam
224 4191 303 4247 esse,
326 4180 359 4234 et
380 4170 425 4234 sie
436 4171 653 4252 praesentiam
667 4168 789 4235 Christi
810 4191 873 4252 quo
891 4170 1019 4234 animas
1029 4168 1107 4233 fido·

130 4257 213 4321 lium
237 4265 413 4339 pascantur
441 4257 476 4319 in
505 4276 605 4320 ooona
626 4258 833 4336 eonstitnere,
854 4257 966 4320 statim
989 4276 1105 4319 manus
1242 4282 1433 4349 Olarissimo
1459 4283 1528 4349 vim
1558 4281 1599 4346 D·
1625 4283 1744 4348 Ioanni
1767 4280 1900 4348 calvino
1919 4284 2128 4352 Genewnsi„

131 4342 230 4406 dant:
264 4351 297 4405 et
330 4343 385 4423 qui
418 4339 520 4405 libros
551 4350 625 4405 tuos
646 4361 712 4404 nou
734 4341 886 4440 legerunt
907 4341 965 4405 vix
987 4338 1105 4404 adduoi
1156 4370 1311 4435 ecclesiae
1333 4369 1455 4452 pastori
1483 4366 1672 4434 fidelissimo
1701 4366 1833 4434 domino
1854 4390 1927 4434 meo
1948 4369 2083 4437 wlendo
2094 4380 2131 4437 et

131 4437 272 4510 possunt
304 4426 388 4490 hane
420 4435 509 4490 tuam
543 4447 614 4492 asse
642 4434 847 4492 sententiam.
898 4424 1015 4509 Itaque
1038 4445 1104 4489 non
1155 4458 1249 4520 fratri
1271 4455 1445 4521 carissimo·

1515 2337 1739 2404 Humanitatis
1767 2349 1842 2405 tuae
1864 2338 2042 2424 discipulus

1587 2424 1802 2490 Wenoeslaus
1824 2427 1973 2510 aneger.

1242 2631 1336 2713 Rogo
1358 2638 1401 2693 vut
1429 2627 1471 2691 D.
1504 2627 1718 2692 Collodonium
1740 2631 1822 2695 meis

1156 2715 1267 2780 verbis
1286 2735 1385 2797 quam
1403 2714 1636 2779 officiosissime
1654 2713 1784 2779 salutes.

1592 3376 1692 3447 2722.

1353 3532 1687 3600 BULLINGERUS
1710 3530 1927 3598 OALVINO.

1245 3704 1323 3771 Oum
1344 3703 1434 3768 Besa
1459 3704 1572 3768 Turieo
1599 3707 1775 3768 tanseunte
1795 3703 1834 3769 de
1860 3705 2051 3786 confusione
2073 3706 2132 3772 illo

1158 3791 1218 3873 epit
1238 3797 1266 3855 et
1287 3810 1338 3855 res
1358 3792 1424 3854 iam
1444 3790 1669 3871 itaeompoaito
1690 3794 1734 3854 ast
1754 3793 1788 3852 ut
1809 3808 1929 3855 nmmo
1951 3792 2131 3857 animorum

1156 3896 1305 3942 consensu
1326 3876 1495 3940 diamoron
1516 3876 1567 3938 sit.

1157 4047 1213 4114 (Ex
1231 4046 1400 4116 autographo
1418 4044 1500 4098 Areh.
1518 4046 1604 4098 'l‘uria
1624 4045 1694 4098 Plut.
1715 4044 1761 4098 VL
1782 4044 1839 4098 Vol.
1857 4042 1917 4108 129,
1935 4045 1981 4102 fol
1998 4045 2050 4100 354
2063 4048 2127 4101 olim

1365 4115 1434 4183 Epp.
1453 4114 1527 4167 'l‘om
1545 4112 1588 4167 30.
1608 4143 1640 4152 -
1659 4113 1764 4167 Simler.
1783 4112 1842 4166 Vol.
1859 4111 1917 4180 90.)

132 4618 335 4629 --.-—-.—-

235 4733 265 4798 5)
285 4733 327 4798 Gi.
346 4731 422 4800 Sulis
445 4731 496 4786 ‘295
518 4750 549 4802 sq
568 4773 583 4799 .,
606 4732 714 4787 Plauek
733 4730 790 4797 140,
816 4731 944 4797 Schmidt,
962 4732 1027 4786 Mel.
1045 4729 1104 4786 608.

131 4830 166 4841 -
186 4802 247 4856 Hor
264 4804 321 4855 iarn
340 4801 430 4856 Nouis
505 4809 522 4855 ι.
553 4809 641 4856 netum
659 4807 704 4854 eit.

236 4868 266 4933 6)
286 4870 347 4924 Hoc
373 4873 426 4938 epit
502 4878 559 4922 eror
583 4869 744 4934 Palatinus,
771 4869 820 4938 qui
845 4869 939 4922 stetini
964 4883 1047 4937 quum
1073 4868 1106 4922 de

131 4940 292 4995 Iasensium
308 4937 454 5005 postulatis
471 4939 569 4993 certior
586 4945 654 4992 esset
675 4939 767 5005 faetus
785 4938 901 5005 leputurn
924 4936 1104 4990 Wormoeion

130 5012 217 5077 nunt,
239 5009 455 5076 molestantibus
472 5022 619 5061 suosmet
636 5016 667 5059 ut
680 5023 733 5075 pro
751 5014 869 5074 tempore
885 5008 1008 5060 omnibus
1025 5009 1105 5058 intes·

130 5080 201 5132 tinia
217 5076 459 5144 disceptationibus
475 5076 596 5142 omnen,
620 5076 754 5145 synodum
769 5082 863 5143 posue
879 5074 1008 5135 betuna
1078 5088 1105 5127 sn

130 5144 357 5280 Refugiendum
372 5161 423 5213 per
439 5147 579 5213 principa
596 5147 750 5214 susciperet.
777 5142 895 5210 (Planek
907 5141 964 5195 142.
985 5142 1019 5197 Se
1037 5142 1106 5196 mitit

238 5298 349 5354 earm
363 5314 455 5368 ma
495 5298 551 5353 sor.
569 5297 652 5353 xri.

1931 4537 2040 4605 Genff.

1258 4728 1288 4792 7)
1307 4729 1373 4783 Post
1401 4729 1506 4781 obitum
1536 4726 1635 4794 patris,
1671 4743 1754 4795 quum
1781 4736 1869 4780 mater
1901 4726 1980 4781 vidua
2006 4727 2127 4782 terendis

1155 4798 1308 4867 sumptibus
1334 4797 1369 4851 ad
1395 4797 1485 4850 studia
1510 4795 1661 4849 neeessaria
1686 4796 1718 4847 iis
1736 4810 1790 4848 uon
1813 4801 1898 4858 esset,
1924 4795 1958 4848 de
1981 4798 2076 4850 matris
2098 4806 2128 4850 et

1155 4875 1331 4948 angustorum
1348 4866 1460 4920 oonsilio
1478 4865 1512 4916 sd
1536 4864 1645 4943 ealligrs
1664 4863 1737 4916 biam
1755 4864 1873 4916 animum
1891 4864 2006 4932 appulit,
2030 4877 2061 4917 ut
2078 4866 2128 4946 ali·

1155 4953 1199 4989 oui
1222 4937 1251 4989 in
1273 4935 1419 4988 scribendo
1436 4948 1547 5015 operum
1573 4880 1671 5012 derndls
1694 4948 1769 4986 sunm
1797 4933 1906 5013 loosret,
1932 4949 1987 5001 quo
2012 4936 2128 4989 oonsiho

1156 5004 1368 5084 Wormatiame
1404 5002 1571 5123 ⁸¹m⁸22l¹¹t’
1591 5002 1687 5081 'ibique
1704 5001 1775 5070 apud
1792 5002 1868 5055 urbis
1885 5002 2035 5055 astuarium
2052 5019 2126 5056 amu·

1155 5069 1812 5278 fflffiiffihkmdalaehmfflm:
1839 5136 1972 5201 oeotru,
1989 5144 2020 5191 ut
2042 5152 2127 5207 orpu-
