4754 5880
286 325 347 388 143
774 353 776 357 v
959 313 962 323 ⁵
1038 312 1302 380 EPISTOLAE
1324 317 1536 378 2453-2455
1719 366 1723 377 .
2229 316 2285 377 144

283 508 397 574 labore
429 507 526 589 capit.
571 504 762 570 Persuadet'
786 510 820 567 et
852 502 956 566 multa
988 501 1029 566 de
1061 500 1257 568 adversariis
1309 523 1437 587 quoque
1459 504 1606 568 fatentur
1622 523 1695 568 csse
1716 524 1736 568 a
1761 509 1873 568 nostro
1891 511 2007 576 senatu
2022 501 2274 585 ‘inimpetrabile

283 615 367 679 quae
396 612 457 677 ego
482 613 610 674 semper
626 588 695 655 vidi
717 611 784 654 non
806 608 1003 654 successura.
1048 586 1140 654 Nunc
1161 588 1257 653 audio
1308 599 1347 655 ut
1378 590 1430 653 ita*
1457 589 1612 668 dixerim,
1640 588 1725 671 quod
1759 598 1849 671 peto:
1884 609 2001 671 nempe
2023 597 2061 652 ιι
2082 589 2167 653 mihi
2189 589 2282 655 liccat
2346 598 2347 601 ’

284 681 325 745 ab
353 678 486 743 homine
514 678 593 742 satis
617 676 681 741 fide
703 675 803 759 digno
826 674 1001 739 Matthiam
1024 671 1191 739 Flacciam
1211 674 1257 738 Il·
1307 686 1419 760 aperte
1430 675 1545 740 docere
1562 684 1620 739 ιιι
1636 676 1777 741 scribere
1795 674 1835 740 de
1853 675 2107 741 sacramentaria
2120 677 2283 741 sententia

284 766 295 830 l
338 765 425 828 icum
458 761 581 845 aliquid
608 763 785 826 adversum
817 772 850 824 te
883 768 979 843 atque
1013 780 1066 824 me
1087 759 1215 825 cudere.
1228 762 1256 837 ⁴)
1307 772 1345 826 ut
1377 761 1492 839 sentio,
1508 808 1510 815 .
1525 760 1623 843 idque
1651 762 1844 844 praesertim
1870 761 1911 825 ob
1934 761 2112 842 praeterita
2140 761 2279 827 comitia.

284 787 450 915 didentur
473 848 556 913 velle
576 868 719 931 pugnam
738 845 970 930 redintegrare.
1010 845 1150 910 Faciant
1171 843 1256 927 quod
1309 847 1376 913 Sed
1399 847 1494 911 aiunt
1511 867 1607 929 posse
1634 848 1753 911 fcrsam
1783 845 1818 910 id
1849 847 1988 911 obtineri
2018 854 2056 910 ut
2077 846 2187 911 media
2209 868 2281 929 qua·

285 935 460 1011 voluerint,
483 943 667 998 nonmutcs
686 953 744 996 ιιι
766 932 941 996 habebunt.
971 932 1079 1017 Atque
1098 951 1168 1015 ego,
1193 931 1257 995 nisi
1308 930 1384 997 dam
1407 933 1461 996 via
1483 938 1543 996 'res
1565 941 1694 1016 agatur.
1737 936 1782 996 At
1803 953 1864 1016 ego
1889 952 1970 1014 quae
1991 931 2100 996 media
2127 933 2195 997 ieta
2217 932 2282 997 sint

285 1021 459 1087 consilium
481 1040 590 1083 meum
612 1019 816 1101 impediatur,
835 1038 915 1099 paro
937 1037 990 1081 me
1012 1016 1053 1081 ad
1074 1017 1256 1082 libertatem
1307 1019 1408 1101 probe
1427 1018 1537 1083 video:
1560 1039 1679 1102 nempe
1697 1028 1734 1083 ut
1753 1027 1890 1095 taceam,
1913 1016 1965 1082 vel
1983 1027 2021 1083 ut
2038 1017 2281 1100 loquuticnibus

284 1107 366 1172 mihi
397 1106 508 1170 aDeo
533 1126 622 1170 nunc
644 1105 787 1169 oblatam
809 1101 1051 1186 acceptandam.
1096 1103 1193 1167 Nosti
1216 1104 1256 1166 D.
1309 1106 1405 1170 tectis
1428 1105 1601 1169 veritatem
1632 1103 1812 1180 obscurem,
1841 1124 1978 1186 quorum
2007 1114 2162 1169 neutrum
2183 1106 2280 1170 statui

288 1191 483 1257 Pelliccaam
505 1189 618 1276 Tiguri
644 1210 714 1255 esse
738 1200 911 1255 mortuum.
955 1189 1011 1253 Mc
1029 1188 1091 1252 hcc
1113 1210 1177 1253 non
1200 1210 1258 1253 ex·
1308 1191 1422 1256 facere.
1447 1191 1635 1272 Amplectcr
1653 1211 1731 1274 ergo
1753 1190 1966 1254 christianam
1983 1189 2177 1268 libertatem,
2201 1212 2280 1272 quae

285 1285 462 1361 spectante,
503 1277 569 1340 imo
607 1275 647 1341 de
669 1296 706 1339 re
739 1296 872 1358 prorsus
904 1275 1027 1356 ignaro,
1061 1273 1258 1357 professores
1308 1276 1391 1341 mihi
1420 1277 1569 1340 omnium
1598 1296 1718 1353 rerum,
1742 1287 1779 1339 ιιι
1796 1295 1866 1339 esse
1889 1275 1994 1353 debet,
2012 1284 2062 1340 est
2084 1274 2279 1357 dulcissima,

284 1362 428 1428 ministri
450 1374 483 1427 et
512 1369 647 1427 senatus
669 1362 704 1425 in
727 1361 796 1426 eius
819 1361 925 1424 lccum
948 1358 1140 1444 delegerunt
1162 1371 1195 1424 et
1217 1358 1258 1424 ad
1309 1374 1343 1427 et
1370 1360 1498 1428 conlido
1520 1363 1588 1426 foro
1618 1372 1655 1426 ut
1682 1382 1794 1426 meum
1823 1361 1993 1427 consilium
2017 1382 2084 1426 uon
2106 1361 2279 1445 improbes.

284 1457 436 1515 nostrum
469 1448 699 1531 magistratum
732 1447 845 1511 literas
874 1443 1036 1510 dederunt
1073 1445 1257 1523 benevolas,
1394 1448 1508 1514 Unum
1541 1455 1673 1512 tantum
1703 1468 1769 1525 cro,
1795 1458 1834 1511 ut
1861 1448 1938 1512 boni
1968 1448 2120 1512 consulas
2138 1446 2225 1530 quod
2242 1447 2280 1512 ad

284 1535 402 1620 quibus
413 1554 610 1617 magnopere
622 1530 825 1599 contendunt
837 1544 873 1595 ιι
888 1553 941 1595 mc
958 1531 1024 1595 illis
1036 1530 1256 1614 concedant⁶).
1308 1556 1366 1600 vos
1378 1535 1488 1616 potius
1500 1533 1671 1600 Genavam
1689 1554 1754 1598 non
1766 1553 1818 1596 me
1830 1533 2035 1598 contulerim.
2044 1536 2072 1611 ⁷)
2102 1531 2197 1598 Duae
2215 1535 2279 1599 fue·

285 1624 334 1687 At
360 1629 493 1685 senatus
521 1640 575 1683 me
607 1619 749 1683 retinere
776 1616 891 1684 vellet:
904 1620 929 1688 ⁸)
957 1619 1008 1680 cui
1032 1638 1092 1700 ego
1110 1638 1182 1683 sum
1207 1639 1259 1681 ve-
1309 1628 1389 1686 runt
1417 1641 1543 1685 causae.
1588 1618 1707 1699 Prima,
1737 1621 1814 1702 quia
1831 1620 2017 1684 vocationes
2044 1619 2168 1683 alienas
2190 1640 2280 1686 occu·

285 1707 457 1772 hementer
475 1717 672 1788 conquestus
691 1703 854 1786 quodncn
872 1704 992 1785 possim
1016 1724 1075 1785 per
1096 1703 1259 1769 conscien-
1309 1727 1388 1790 pare
1415 1716 1472 1770 aut
1497 1703 1626 1788 ingredi
1648 1726 1715 1769 non
1732 1703 1863 1771 videtur
1883 1705 1967 1770 mihi
1988 1705 2192 1770 fructuosum
2214 1724 2280 1772 esse

285 1793 366 1856 tiam
389 1812 522 1855 manere
545 1812 644 1873 quum
667 1791 729 1872 ipsi
752 1790 859 1854 nolint
881 1788 920 1853 de
943 1810 978 1852 rc
1005 1790 1260 1854 sacramentaria
1310 1813 1414 1876 posse,
1443 1812 1549 1874 neque
1576 1791 1617 1855 ab
1646 1792 1718 1857 aliis
1745 1791 1802 1873 qui
1830 1791 1892 1856 hcc
1921 1791 1992 1855 lieri
2014 1789 2161 1855 viderint
2189 1811 2280 1875 posse

285 1879 321 1942 in
354 1877 465 1943 schOla
497 1876 666 1960 disputari,
701 1895 806 1958 neque
828 1875 955 1939 moveri
978 1894 1016 1938 ea
1037 1872 1076 1938 de
1099 1897 1134 1939 re
1156 1874 1258 1939 ullam
1310 1876 1539 1944 commendari.
1579 1875 1700 1941 Sciunt
1721 1888 1832 1940 autem
1854 1898 1977 1953 omnes,
2007 1877 2177 1942 ecclesiam
2198 1877 2280 1942 itali·

286 1964 537 2038 contentionem,
566 1971 600 2027 et
629 1964 753 2026 interea
776 1961 946 2044 patiantur
970 1982 988 2024 c
1010 1968 1165 2044 suggesto
1187 1980 1261 2025 con-
1310 1985 1381 2030 cam
1415 1962 1502 2046 apud
1529 1983 1589 2027 vos
1617 1963 1804 2027 ministrum
1834 1962 1954 2027 habere
1983 1963 2073 2044 pium
2101 1971 2135 2026 et
2152 1961 2281 2029 doctum

286 2051 466 2115 cionatcres
493 2048 529 2112 in
557 2069 616 2113 nos
646 2069 704 2129 pro
733 2068 793 2112 sua
822 2046 990 2113 voluntate
1013 2044 1205 2112 debacchari
1228 2054 1261 2110 et
1310 2051 1429 2125 virum,
1442 2050 1593 2115 comitem
1606 2058 1754 2113 nostrum
1767 2047 2161 2132 Martineapam,iratrem
2173 2070 2282 2114 meum

286 2136 485 2201 sententiam
507 2154 603 2216 quam
626 2155 685 2198 nos
698 2131 902 2197 defendimus
913 2132 1110 2196 haereticam
1129 2151 1257 2196 vocare:
1309 2137 1344 2201 in
1378 2135 1510 2200 Ohristo
1544 2132 1801 2200 dilectissimum.
1856 2134 1966 2213 Quum
2001 2135 2111 2217 itaque
2144 2134 2282 2200 viderim

287 2220 432 2285 adhaec
461 2241 526 2285 non
554 2240 695 2302 aequum
717 2239 788 2284 esse
810 2227 925 2301 utegc
947 2225 1072 2282 taceam
1096 2217 1200 2282 atilli
1223 2225 1259 2280 ut
1310 2221 1490 2286 adventum
1518 2241 1628 2284 meum
1657 2241 1724 2284 non
1745 2220 1814 2285 fore
1835 2220 2066 2298 necessarium,
2089 2220 2156 2286 imo
2177 2221 2282 2304 potius

286 2306 401 2371 volunt
422 2304 522 2370 libero
554 2306 743 2387 loquantur:
775 2324 841 2367 ncn
864 2324 935 2369 esse
966 2303 1128 2387 ingenuae
1161 2312 1258 2386 atquc
1310 2309 1457 2372 laborare
1485 2327 1579 2389 posse
1611 2305 1720 2388 aliqua
1749 2305 1948 2388 suspicione,
1971 2306 2122 2372 abstinui.
2169 2306 2282 2372 Altera

287 2392 485 2457 christianae
502 2392 727 2470 conscientiae,
751 2398 788 2453 ut
799 2389 945 2472 probari,
968 2390 1074 2453 sinere
1086 2390 1259 2453 veritatem
1310 2415 1409 2460 eausa
1430 2404 1480 2457 est
1501 2390 1586 2474 quod
1604 2391 1764 2475 Tigurini,
1788 2402 1826 2456 ιι
1848 2391 1926 2467 dixi,
1949 2403 2210 2469 antevertcrunt,
2233 2413 2281 2457 ro·

286 2477 500 2542 indefensam.
549 2476 759 2542 Auditorium
787 2497 840 2540 me
868 2474 994 2540 fatebar
1027 2475 1147 2540 habere
1180 2475 1259 2540 satis
1312 2490 1435 2564 gerunt
1473 2477 1685 2543 vehementer
1721 2487 1871 2542 nostrum
1900 2487 2061 2553 senatum,
2090 2476 2282 2562 delegerunt

286 2565 455 2636 refertum,
496 2561 551 2627 sed
586 2562 784 2645 peregrinis:
841 2560 1026 2625 Germanos
1057 2581 1133 2625 verc
1162 2581 1259 2642 quam
1311 2586 1365 2629 me
1388 2563 1429 2628 ad
1457 2564 1691 2646 professionem
1716 2585 1800 2645 quae
1822 2584 1881 2646 per
1902 2574 2041 2628 mortem
2064 2574 2168 2642 vacat,
2191 2572 2226 2628 et
2246 2583 2282 2628 ea

286 2649 502 2732 paucissimos
533 2647 694 2722 ιθθθᾶθῑθ,
724 2655 821 2729 atque
848 2647 884 2710 in
906 2667 1033 2711 summo
1064 2668 1123 2728 pro
1143 2645 1259 2710 haerc-
1311 2650 1351 2716 de
1374 2671 1410 2715 re
1432 2658 1574 2714 anostro
1592 2659 1708 2714 senatu
1728 2670 1800 2713 sum
1824 2648 2016 2732 appellatus,
2039 2647 2161 2731 etquid
2183 2651 2282 2714 senti·

287 2735 352 2800 tico
370 2756 422 2799 me
444 2756 464 2798 a
486 2734 553 2798 suis
575 2733 736 2798 ministris
758 2732 881 2808 haberi,
905 2753 969 2797 uno
991 2742 1049 2796 aut
1070 2732 1196 2797 duobus
1218 2731 1258 2795 ad
1310 2757 1381 2802 rem
1415 2747 1472 2800 aut
1504 2735 1624 2799 vellem
1657 2736 1802 2818 oportuit
1832 2755 1886 2798 mc
1914 2735 2014 2800 libere
2043 2733 2159 2800 dicere.
2205 2734 2281 2801 Ideo

286 2840 453 2885 summum
485 2818 633 2902 demptis.
684 2817 801 2883 Adicci
828 2838 956 2901 quoque
985 2839 1038 2882 mc
1056 2840 1122 2897 nou
1144 2832 1259 2899 putare
1311 2822 1393 2886 mihi
1421 2821 1579 2886 divinitus
1608 2819 1769 2886 libertatis
1803 2820 1912 2885 datam
1934 2821 2136 2886 occasionem
2157 2821 2281 2903 putavi.

209 2936 210 2939 ¹
288 2906 508 2991 germanicam
532 2905 701 2971 ecclesiam
730 2924 789 2986 pro
811 2925 870 2968 suo
888 2925 941 2968 me
958 2903 1087 2969 habere.
1132 2904 1259 2968 Nema
1311 2908 1397 2972 Nam
1410 2908 1520 2972 Deum
1543 2915 1668 2989 patrem
1691 2916 1841 2970 nostrum
1864 2906 2012 2970 amultis
2029 2907 2094 2970 iam
2117 2907 2282 2972 mensibus

287 2990 395 3056 reditu
407 3012 479 3056 meo
496 3013 537 3055 ex
549 2991 671 3075 Anglia
688 3011 790 3074 usque
807 2989 849 3054 ad
866 2990 952 3055 hane
963 2989 1049 3054 diem
1062 3011 1113 3054 me
1125 2988 1166 3053 ad
1184 3010 1259 3055 suos
1311 2993 1441 3060 assidue
1464 2994 1565 3071 oravi,
1588 3004 1627 3056 ut
1644 2991 1698 3055 vel
1720 2991 1760 3056 de
1783 2991 1847 3056 alia
1867 2992 2037 3058 vocatione
2054 2991 2138 3055 mihi
2159 2995 2282 3075 prospi-

288 3087 468 3142 convcntus
490 3077 725 3143 ecclesiasticos
747 3096 815 3140 non
836 3084 1006 3154 vocarunt,
1028 3096 1129 3159 quum
1151 3076 1259 3159 priore
1310 3087 1407 3154 earet,
1438 3077 1492 3143 vel
1522 3079 1608 3143 hanc
1639 3098 1744 3143 meam
1773 3078 1974 3143 tolerabilem
2008 3075 2168 3142 redderet
2217 3076 2283 3164 [Ad

288 3174 442 3245 tempore,
475 3163 547 3228 vivo
580 3163 734 3227 Matthia·
760 3162 855 3242 chic,
888 3161 1011 3228 Basaro
1039 3182 1076 3227 ac
1109 3161 1259 3239 Hesione,
1310 3166 1391 3230 haec
1413 3165 1589 3229 arbitratus
1612 3184 1685 3228 snm
1707 3176 1856 3228 nostrum
1878 3164 2107 3248 magistratum
2126 3184 2194 3230 non
2213 3175 2282 3228 tan·

288 3248 477 3313 clarissimis
500 3249 589 3328 viris,
612 3246 693 3313 nihil
715 3249 749 3313 in
766 3247 904 3314 ecclesia
925 3246 1011 3330 quod
1034 3247 1171 3313 alicuius
1193 3268 1260 3311 mc-
1311 3260 1380 3316 tam
1391 3251 1552 3315 rationem
1563 3249 1752 3313 habiturum
1765 3258 1950 3314 nostrorum
1966 3248 2139 3326 Italorum,
2158 3250 2187 3314 si
2205 3251 2283 3315 fuis·

287 3334 393 3399 menti
426 3343 513 3400 esset
545 3335 616 3399 sine
644 3354 717 3399 meo
750 3333 866 3398 saltem
899 3334 984 3399 scitu
1011 3340 1121 3399 actum
1149 3333 1258 3408 fuerit,
1311 3358 1381 3401 sem
1400 3334 1442 3401 ab
1462 3335 1529 3400 illis
1547 3333 1740 3417 postulatus,
1759 3344 1916 3417 quantam
1933 3344 2066 3400 senatus
2087 3344 2121 3399 et
2143 3335 2283 3401 consulis

288 3419 374 3503 quod
392 3420 541 3484 infinitae
560 3417 795 3504 propemodum
820 3418 1073 3503 subscriptiones
1095 3417 1262 3484 declarant
1312 3422 1473 3506 Tigurini.
1508 3419 1731 3502 Quamobrem
1754 3440 1833 3503 rogo
1856 3432 1897 3498 te,
1920 3434 1959 3485 ut
1980 3420 2152 3487 consilium
2175 3441 2283 3486 meum

288 3505 344 3570 ubi
373 3526 489 3571 manus
511 3526 583 3569 mea
611 3527 677 3570 una
701 3527 776 3571 cum
803 3505 876 3570 aliis
898 3505 1105 3589 conspicitur.
1150 3503 1262 3585 Quare
1311 3509 1388 3574 boui
1410 3504 1626 3593 consulas].⁸)
1672 3505 1760 3586 Quia
1786 3515 1899 3572 tamen
1920 3505 1963 3571 ad
1980 3508 2161 3591 principem
2186 3506 2283 3572 Pola·

289 3590 532 3668 concludebam,
551 3613 603 3655 me
625 3612 690 3655 ιιι
714 3588 1002 3673 viderequcmodo
1024 3590 1153 3672 reipsa
1175 3592 1260 3655 exis·
1310 3596 1412 3660 tiaran
1438 3593 1524 3676 quod
1554 3594 1639 3657 nosti
1668 3592 1872 3674 scripseram,
1894 3614 1937 3659 ne
1954 3592 2053 3658 fidem
2076 3592 2190 3658 videar
2212 3614 2281 3658 mu·

288 3677 446 3741 timarcnt
474 3675 619 3742 discessu
652 3696 725 3741 mec
753 3676 897 3742 scholam
928 3684 986 3741 aut
1007 3676 1176 3742 ecclesiam
1197 3675 1261 3742 fac·
1312 3692 1409 3758 tasse,
1442 3701 1462 3743 a
1494 3678 1663 3762 Tigurinis
1695 3688 1803 3761 petam
1836 3688 1875 3744 ιι
1907 3678 1935 3744 si
1967 3678 2068 3744 vellet
2089 3679 2117 3743 is
2139 3700 2214 3744 mea
2235 3678 2281 3743 uti

289 3769 399 3827 turam
422 3782 493 3827 esse
515 3764 681 3829 iacturam.
716 3763 903 3846 Pergebant
924 3762 974 3827 illi
995 3783 1112 3846 rogare
1133 3770 1172 3826 ut
1193 3782 1261 3826 ma·
1313 3787 1411 3848 opera
1428 3764 1470 3829 ad
1488 3764 1619 3847 aliquod
1634 3772 1760 3830 certum
1781 3772 1909 3846 tempus
1931 3763 1965 3828 id
1986 3763 2070 3828 mihi
2092 3764 2194 3830 libere
2216 3785 2283 3847 per-

289 3869 412 3925 nerem,
436 3845 572 3914 dicendo
599 3870 634 3913 se
656 3849 761 3913 multa
782 3869 864 3931 quae
887 3868 1190 3914 commemorassem
1213 3848 1262 3931 ig·
1313 3853 1492 3917 mitterent.
1522 3849 1618 3931 Quod
1636 3850 1702 3915 scio
1718 3870 1771 3914 me
1788 3850 2049 3932 impetraturum.
2079 3849 2283 3935 Ichalyn

290 3955 419 4012 norare,
451 3955 488 3999 ac
516 3955 551 3999 se
581 3933 759 3998 remedium
782 3934 938 3999 allaturos
961 3934 1206 4016 pollicebantur,
1228 3939 1263 3998 at
1310 3957 1414 4022 perus,
1431 3937 1488 4019 qui
1499 3958 1538 4001 ea
1550 3936 1590 4001 de
1607 3958 1643 4001 re
1654 3935 1806 4000 nonnihil
1825 3957 1866 4000 ex
1885 3935 2030 4020 Vcrperic
2040 3935 2154 4015 sensit,
2173 3935 2215 4001 ad
2233 3955 2283 4000 mc

291 4018 332 4084 de
353 4019 561 4086 concessione
582 4032 620 4084 ιι
638 4019 739 4087 libere
762 4019 801 4084 dc
823 4042 859 4085 re
881 4020 1096 4085 eucharistica
1118 4018 1262 4100 disputa-
1313 4023 1427 4089 scribit
1448 4022 1510 4088 hcc
1531 4021 1613 4085 mihi
1631 4043 1697 4086 non
1720 4042 1790 4086 esse
1814 4020 2051 4106 denegandum,
2074 4022 2103 4086 si
2125 4041 2282 4106 rogavero

289 4114 384 4170 retur
405 4115 602 4190 stageretur
621 4105 744 4170 nullam
755 4106 955 4171 mentionem
967 4105 1137 4171 faciebant.
1166 4103 1263 4171 Unde
1314 4129 1428 4174 eorum
1450 4106 1728 4192 magistratum.⁰)

291 4212 407 4257 rursus
426 4212 486 4276 ego
504 4192 583 4274 petii
604 4213 646 4256 ne
668 4212 721 4256 mc
733 4193 778 4255 ita
790 4192 932 4256 retinere
942 4199 1148 4270 conarentur,
1160 4211 1262 4273 quum
1400 4194 1453 4259 De
1483 4214 1582 4260 causa
1612 4213 1689 4258 verc
1718 4193 1775 4258 illa
1802 4192 1961 4259 Gnidonie
1981 4192 2154 4260 Urbinatis
2184 4193 2282 4279 pluri-

290 4298 350 4361 pcr
367 4278 600 4344 conscientiam
617 4277 700 4341 mihi
719 4277 897 4362 gratificari
908 4277 956 4342 eis
972 4297 1038 4342 nou
1051 4277 1171 4341 liceret.
1200 4277 1263 4342 Pe·
1313 4302 1405 4346 mum
1438 4278 1530 4345 dclco
1552 4279 1631 4344 talia
1644 4280 1765 4363 spargi.
1809 4278 1910 4344 Hunc
1932 4316 2225 4328 -----
2244 4282 2282 4354 ¹⁰)

291 4362 419 4428 tierunt
441 4383 519 4448 ergo
537 4373 575 4427 ut
585 4383 763 4440 manerem,
781 4371 815 4428 et
836 4362 953 4428 saltem
964 4361 1124 4447 rogabant
1140 4369 1180 4427 ut
1197 4382 1263 4426 uno

292 4457 349 4512 aut
379 4448 480 4514 altero
510 4448 562 4514 die
585 4448 672 4533 apud
701 4469 754 4513 me
782 4447 1006 4528 deliberarem,
1029 4448 1115 4531 quod
1137 4447 1263 4513 admisi.

291 4535 340 4598 At
369 4544 527 4616 quantum
555 4534 660 4613 video,
687 4534 752 4599 nisi
781 4532 871 4598 aliud
898 4534 948 4598 illi
970 4533 1052 4598 mihi
1072 4532 1262 4611 concedant,
1416 4517 1448 4649 ἐξ
1465 4516 1755 4658 wlnwffiss·
1794 4517 1915 4575 attam
1931 4535 1958 4586 v·
1975 4515 2035 4570 182·

293 4639 360 4683 ιιι
379 4641 453 4685 sum
470 4629 656 4719 mutaturus
674 4620 856 4687 consilium.
889 4620 936 4684 Ic.
951 4619 1113 4685 Starmiue
1130 4626 1162 4684 et
1179 4618 1265 4720 Sley3
1416 4656 1447 4724 9)
1466 4656 1544 4712 Hm
1565 4671 1662 4726 MP,
1684 4656 1861 4726 mmm,
1885 4655 1942 4711 Gal.
1961 4655 2061 4711 Mag-3,
2098 4655 2142 4724 op
2167 4655 2283 4714 &mg

293 4704 398 4769 daces
421 4727 473 4771 me
495 4715 636 4772 retrnerc
653 4714 821 4785 conantur,
840 4704 896 4771 sed
918 4707 1049 4771 frustra.
1095 4706 1181 4771 Nam
1202 4725 1264 4788 ipsi
1313 4744 1341 4797 ρ,
1360 4724 1419 4780 134,

1401 4793 1449 4859 10)
1471 4793 1585 4848 Caetera
1602 4793 1706 4848 cimai.

396 4961 428 5021 4}
452 4963 548 5016 Vanus
563 4962 650 5029 fatear
666 4978 761 5017 mmor
776 4961 894 5016 eidam.

397 5030 427 5095 5)
445 5032 522 5085 Hinc
538 5033 688 5099 redigimus
704 5032 775 5086 hono
796 5030 939 5098 spinulam
960 5031 1035 5085 circo
1057 5031 1173 5084 mediata
1193 5046 1266 5084 men·
1694 5071 1898 5080 --...

295 5112 350 5152 um
369 5100 479 5154 Maium
496 5099 627 5169 scriptore
646 5100 741 5167 [aare.
780 5099 820 5166 Of.
839 5106 864 5152 et
880 5100 1052 5154 Hotomonm'
1068 5116 1128 5169 epp.
1143 5102 1268 5168 proxim

294 5168 611 5305 miindbaata
625 5253 651 5307 p.
671 5236 729 5292 ιιι.
