4778 5888
119 339 182 402 213

119 529 217 608 tions,
247 549 343 613 apres
373 550 451 597 auss
497 542 618 598 mestre
640 530 870 598 reoommande
892 553 912 598 0
934 553 993 600 von
1016 531 1092 600 bon-

116 635 175 682 000
196 614 331 701 priores.
371 615 423 682 De
498 638 591 696 neve,
609 638 646 684 00
668 621 718 683 01.
741 616 836 703 iuing
860 621 951 683 1556.

203 752 328 818 Vostre
350 751 483 819 humble
504 753 599 821 frere.

773 841 853 908 Iean
875 841 1004 909 Oalvin.

547 1383 647 1455 2487.

319 1537 561 1610 SULZERUS
591 1537 882 1606 MARBAOHIO.

201 1713 317 1780 Tradit
337 1714 366 1779 oi
387 1732 468 1796 quoe
488 1712 612 1778 audiuit
632 1711 670 1778 de
691 1710 876 1794 0000001100
892 1713 928 1778 in
953 1713 1089 1780 vallibus

110 1801 248 1882 Alpium
268 1800 370 1866 101100
390 1798 493 1882 mauis
512 1798 645 1880 [001110
665 1797 894 1864 enumerem.
931 1796 1088 1867 comme

111 1887 168 1954 dot
189 1885 381 1952 Holbroeum
403 1883 652 1966 Franoofurlum
668 1887 795 1949 0000000.

112 2058 169 2124 (nx
186 2056 315 2111 uenum
333 2054 510 2125 spaeram
526 2055 562 2108 ao
574 2032 747 2109 00000000
764 2054 927 2124 stapam
945 2072 1013 2124 qm
1031 2057 1087 2112 «0.

300 2124 343 2179 dit
359 2124 403 2179 Jo.
422 2123 516 2178 Feoht
535 2124 644 2177 Duriae
664 2120 782 2177 16814.
800 2140 827 2193 p.
845 2121 900 2186 bl.)

198 2294 233 2362 S.
267 2296 390 2362 Potens
412 2304 462 2362 est
479 2294 632 2363 (lhristus
653 2296 817 2362 Dominus
838 2296 875 2360 in
896 2297 996 2363 verbo
1018 2317 1087 2377 suo,

110 2383 164 2449 vir
185 2381 405 2458 ornatissime,
428 2381 519 2465 quia,
548 2390 587 2447 ut
609 2402 715 2466 nuper
735 2382 800 2448 sori
823 2383 852 2447 si
874 2380 916 2448 de
937 2402 1088 2450 suooessu

110 2489 148 2534 re
196 2469 208 2532 i
229 2467 358 2534 Ohristi
378 2468 414 2532 in
437 2466 568 2546 Galliis,
596 2468 645 2534 ita
670 2465 777 2533 indies
801 2403 954 2535 10000000
975 2469 1089 2536 000011

110 2555 147 2619 10
170 2574 189 2618 0
210 2553 414 2633 adferuntur,
448 2553 591 2619 maxime
614 2575 690 2619 vero
718 2552 758 2619 de
787 2553 976 2639 regionibus
1003 2555 1088 2620 inal-

110 2638 1088 2793 1110011111111111111101112111011

110 2811 188 2896 gelii
216 2746 298 2876 fides
326 2821 360 2876 et
388 2745 561 2910 oodfessio:
598 2746 801 2911 801)οι00100
829 2812 865 2876 in
892 2811 957 2911 illis
984 2811 1088 2880 valles

109 2894 223 3048 ffiros
245 2906 280 2962 00
300 2896 406 2962 multa
434 2896 605 2962 hommum
628 2895 732 2961 millia
758 2898 813 2981 qui
834 2897 1007 2965 Ohrrstum
1029 2919 1087 2981 pa·

208 2984 413 3065 profitentur.
458 2982 628 3048 Ministros
658 2981 782 3048 habent
809 2983 927 3050 missos
956 2984 1087 3050 eLau·

109 3070 241 3135 senensi
263 3068 383 3148 sohola,
406 3068 536 3134 exsules
558 3068 682 3148 Gallos,
704 3069 792 3135 viros
814 3068 962 3136 10000100
982 3071 1086 3153 pieta·

109 3162 209 3237 teque
236 3161 451 3237 praestantes,
481 3153 580 3237 idquo
608 3156 755 3238 ipsorum
783 3163 917 3240 rogatu,
947 3177 1086 3239 quorum

109 3241 295 3306 ministerio
317 3239 482 3306 benedicit
501 3240 665 3306 Dominus
682 3240 834 3307 ubertim.
868 3241 981 3307 Ooena
1002 3243 1086 3309 oele·

109 3325 205 3391 brata
227 3335 277 3391 000
305 3326 414 3410 palam
443 3325 531 3409 apud
554 3326 810 3411 Angroguianos
831 3348 953 3412 magna
974 3329 1086 3411 populi

108 3412 311 3495 frequentia,
340 3409 382 3477 ad
411 3426 581 3477 numerum
613 3412 730 3478 saltem
760 3415 852 3478 6000.
898 3413 1086 3481 Oonoursus

110 3496 225 3563 estad
255 3517 363 3564 saoras
392 3499 563 3562 oonoiones
590 3497 632 3563 ab
654 3495 806 3563 undeoim
829 3497 974 3565 millibus
1000 3500 1087 3566 itali-

109 3584 173 3650 ois:
195 3592 289 3648 00000
307 3591 359 3649 est
379 3583 452 3650 sitis
469 3582 656 3649 salutiferae
675 3582 851 3651 doetrinae.
885 3584 960 3649 Non
982 3584 1087 3651 latent

108 3668 192 3735 haeo
221 3689 411 3752 supremum
440 3676 592 3735 sonatum
621 3670 868 3736 Taurinensem.
912 3671 1086 3738 Profeotus

109 3763 161 3822 est
183 3775 221 3820 oo
237 3754 426 3837 praesidum
448 3776 535 3821 unus
551 3775 626 3821 eum
645 3753 851 3821 senatoribus
872 3755 1007 3840 aliquot,
1031 3759 1086 3841 qui

108 3841 230 3924 partim
261 3840 429 3906 blanditiis
456 3851 489 3906 ot
521 3840 807 3923 pollicitationibus
836 3843 957 3925 partim
985 3843 1085 3909 minis

109 3928 273 3992 atrooibus
306 3928 413 3991 conati
447 3936 525 3992 sunt
557 3926 617 3992 hos
646 3925 783 4011 populos
811 3947 831 3991 a
858 3938 949 3994 reeta
976 3929 1086 3994 viaet

108 4011 272 4096 evangelii
301 4012 501 4095 professione
533 4011 703 4093 abducere,
736 4014 794 4079 001
822 4013 954 4079 frustra
998 4014 1085 4080 Nam

107 4119 151 4164 00
183 4118 270 4163 unus
301 4098 431 4182 quidem
464 4098 634 4178 inventus,
667 4120 733 4164 non
765 4098 985 4179 mulieroulae,
1019 4121 1084 4166 non

106 4184 211 4267 pueri,
244 4184 299 4266 qui
333 4205 399 4249 non
432 4184 660 4267 responderint
691 4206 726 4250 00
759 4194 907 4251 extrema
938 4207 1084 4269 quaeque

105 4269 217 4352 potius
245 4270 315 4352 pati
344 4290 415 4336 esse
443 4279 575 4352 paratos
597 4291 694 4353 quam
716 4279 794 4335 uta
817 4270 950 4337 Ohristo
970 4293 1082 4337 serva-

106 4362 177 4419 tore
199 4375 259 4421 suo
278 4353 441 4421 definiant.
475 4357 525 4420 Ao
536 4356 699 4422 Dominus
716 4357 778 4422 hao
801 4358 836 4421 in
853 4369 946 4441 parte
968 4378 1082 4423 eorum

107 4441 209 4524 quieti
232 4461 298 4505 non
308 4461 426 4523 parum
447 4441 589 4507 00000110
599 4442 685 4525 quod
707 4441 816 4508 desint
837 4443 1081 4527 inprimoribus

106 4525 225 4592 saltem
247 4525 438 4592 elanoularii
460 4527 701 4611 suffragatores.
735 4527 887 4594 Iuvanda
908 4536 985 4595 sunt
1001 4529 1082 4596 haee

106 4611 202 4677 initia
223 4612 352 4695 piorum
374 4612 520 4678 omnium
544 4612 754 4680 orationibus.
774 4616 799 4699 ¹)

192 4696 261 4779 Qui
281 4698 342 4765 has
363 4699 486 4782 perfert
508 4699 559 4764 vir
581 4705 633 4764 000
659 4699 835 4784 singularis
857 4675 1025 4767 doetrinae
1047 4710 1080 4766 et
1178 4701 1183 4710 “

129 4783 238 4849 1000010
266 4785 400 4849 nomine
428 4784 511 4850 mihi
534 4783 629 4851 valde
657 4805 754 4851 00000
784 4793 818 4851 00
846 4786 1078 4852 observandus.

139 4878 251 4936 ooatus
268 4869 526 4938 Franoofurtum
544 4877 582 4935 ut
604 4870 760 4938 eoelesiae
783 4871 963 4956 gallisanae
984 4891 1078 4955 prae·

105 5124 199 5181 0487.
211 5124 240 5191 1)
260 5124 305 5181 De
320 5127 402 5183 robae
425 5127 600 5183 Voldoom’am
618 5129 675 5197 opit
697 5129 779 5183 000000
796 5142 836 5196 ep.
855 5127 975 5184 liuberti
992 5129 1079 5185 Artos

103 5196 312 5320 agmon&
324 5197 429 5266 scripta
449 5196 477 5251 d.
494 5195 520 5249 2.
537 5196 660 5266 Aupusto'
683 5197 765 5252 boios
791 5197 861 5252 amni
885 5213 967 5268 quem
992 5198 1079 5255 mmo

1021 349 1102 412 1556
1124 345 1218 416 IUN.

2054 369 2120 433 ult

1144 537 1197 604 sit.
1230 536 1327 619 Quod
1344 558 1382 605 00
1399 542 1532 608 nomine
1549 545 1731 630 impensius
1747 548 1871 616 fautum
1931 552 2015 621 udeo
2054 555 2120 629 uod

1143 641 1223 705 pras
1251 623 1367 725 multis
1394 625 1468 694 aliis
1497 630 1612 712 purius
1640 643 1674 699 et
1705 633 1866 703 sinoerius
1910 658 1929 705 0
1960 661 2035 726 sym
2076 641 2118 710 110

1142 714 1277 792 temque
1288 713 1470 779 mimsterio
1481 713 1636 784 eoolesiae
1658 727 1692 784 et
1711 721 1833 787 0000100
1854 731 1889 788 00
1912 724 2003 809 loqui
2024 727 2117 796 visus

1142 803 1201 860 est
1252 792 1453 864 Oommendo
1485 819 1562 866 eum
1593 801 1654 869 tibi
1684 813 1823 874 0000000
1854 815 1893 874 00
1923 810 2118 881 familiarius

1142 877 1296 948 admittas
1319 889 1353 947 et
1373 883 1518 951 oonsiliis
1540 888 1640 953 etiam
1660 890 1816 972 instruas,
1837 912 1876 959 ae
1893 897 2044 964 notitiam
2065 899 2118 965 in·

1135 985 1198 1030 sas
1209 985 1284 1065 oum
1301 966 1368 1046 illo,
1387 989 1527 1054 eumque
1537 971 1691 1060 deinoeps
1707 977 1834 1045 foveas:
1856 978 1892 1046 id
1902 983 1992 1048 enim
2009 982 2118 1053 iudioo

1141 1050 1439 1205 {uggegufimlfore
1454 1056 1634 1208 lzebedaeum.
1678 1060 1762 1129 Vale
1793 1063 1829 1129 in
1863 1063 1997 1135 Obriste
2028 1068 2116 1137 1000

1174 1156 1243 1203 as.
1360 1161 1430 1206 unu
1539 1193 1546 1209 .

1801 1286 1838 1352 Τ.
1862 1285 2030 1357 Solesrus.

1526 1573 1730 1588 ῃ

1583 1791 1685 1864 2488.

1337 1942 1681 2025 Quaesumus
1704 1947 1922 2020 OALVINO.

1224 2113 1350 2182 laurae
1370 2118 1644 2184 commendatitiae.

1298 2285 1354 2351 (lix
1371 2287 1541 2358 autographo
1558 2289 1624 2344 cod.
1642 2290 1742 2347 (10000.
1760 2292 1820 2361 110,
1838 2294 1883 2349 fol.
1903 2295 1956 2359 16.)

1224 2455 1434 2524 Fidelissimo
1446 2455 1571 2525 Ohristi
1589 2482 1684 2530 servo
1701 2461 1821 2530 Ioanni
1834 2463 1974 2534 Oalvino
1993 2468 2119 2552 pastori

1141 2539 1295 2609 eoolesiae
1317 2543 1532 2611 Gener-ensis.

1866 2637 2031 2706 Gansvae.

1226 2798 1340 2881 Quum
1362 2801 1465 2867 frater
1486 2802 1540 2869 hio
1567 2806 1771 2886 propositum
1799 2807 1925 2876 habens
1952 2809 2119 2878 invisendi

1140 2885 1201 2951 has
1221 2885 1375 2953 eoolesias
1397 2887 1438 2952 ad
1459 2908 1513 2953 me
1534 2886 1732 2970 divertisset,
1759 2893 1906 2976 petiisset
1927 2903 1966 2961 ut
1987 2917 2022 2963 se
2043 2896 2118 2964 1100-

1139 2970 1186 3036 ris
1208 2972 1291 3038 meis
1320 2971 1582 3040 commendarem
1611 2975 1681 3055 tibi,
1711 2999 1781 3063 ego,
1810 2981 1875 3045 etsi
1896 3002 1965 3047 non
1992 2982 2039 3048 ita
2060 3003 2118 3048 ne·

1139 3058 1317 3124 cessarium
1339 3078 1411 3124 osse
1441 3060 1558 3126 seirem
1580 3060 1668 3144 apud
1690 3070 1734 3143 te,
1764 3066 1858 3132 ouius
1887 3066 2017 3135 abunde
2038 3076 2118 3136 nota

1139 3149 1191 3209 est
1220 3143 1408 3209 humanitas
1436 3144 1472 3210 in
1494 3146 1661 3226 omnibus,
1689 3156 1799 3215 000000
1829 3150 1967 3219 11000000
1995 3174 2118 3238 negare

1138 3228 1201 3295 hoo
1222 3229 1380 3313 quidquid
1402 3237 1453 3297 est
1475 3231 1573 3297 offioii
1594 3252 1662 3298 non
1684 3234 1787 3318 potui.
1827 3235 1942 3321 Itaque
1964 3260 2041 3305 eum
2064 3239 2118 3306 vel

1139 3314 1202 3380 hoo
1220 3316 1352 3381 nomine
1369 3318 1636 3383 oommendatum
1654 3340 1727 3386 esse
1744 3320 1806 3388 tibi
1823 3322 1932 3403 velim,
1951 3345 2016 3408 quo
2033 3324 2117 3392 mihi

1137 3407 1214 3466 ante
1236 3421 1340 3466 annos
1367 3409 1439 3468 ooto
1468 3404 1716 3472 commendatus
1745 3406 1852 3473 literis
1874 3409 2023 3495 Philippi
2044 3410 2116 3478 Me·

1137 3485 1335 3564 1000000101)
1368 3486 1439 3553 fuit.
1495 3488 1635 3556 Caetera
1672 3491 1768 3559 faoilo
1807 3501 1878 3559 tute
1917 3497 2114 3565 aestimabis

1136 3571 1224 3636 Nam
1246 3573 1460 3658 0010001000
1482 3575 1544 3641 tibi
1566 3586 1708 3659 exponet
1729 3578 1808 3661 quid
1828 3600 1961 3664 sperare
1983 3583 2027 3648 sit
2047 3584 2115 3650 ius·

1136 3678 1201 3736 sus,
1232 3679 1295 3741 quo
1316 3679 1393 3724 eum
1421 3659 1474 3726 his
1500 3661 1648 3729 instruas
1676 3683 1758 3747 quae
1780 3662 1898 3731 deinde
1919 3667 1961 3732 ad
1982 3689 2114 3736 000000-

1137 3741 1280 3808 vandam
1311 3766 1426 3829 paoem
1455 3747 1490 3811 in
1523 3746 1658 3814 00010010
1679 3749 1744 3815 Dei
1764 3751 1983 3820 oonferantur.
2019 3753 2112 3821 Vale

1136 3828 1334 3895 Lausaunae
1355 3840 1449 3897 sexto
1470 3831 1540 3899 Oal
1563 3832 1640 3899 Iulii
1662 3836 1761 3901 Anno
1786 3841 1878 3902 1506.

1546 3969 1583 4035 Τ.
1607 3969 1802 4038 Eustathius
1824 3971 2061 4054 Queroetanus.
2160 4029 2163 4034 .

1567 4481 1669 4552 248⁹.

1360 4634 1626 4704 uaRNOVIUS
1649 4635 1869 4704 OALVINO.

1219 4805 1438 4891 Ormioeopit
1464 4807 1631 4874 10110000
1658 4808 1913 4892 aibimaomptts
1957 4808 2105 4878 Stadium

1129 4912 1222 4958 saum
1242 4892 1277 4957 in
1305 4892 1509 4975 reformanda
1530 4894 1655 4960 eeclesia
1682 4898 1954 4976 temperamentum
1980 4896 2105 4981 0110011

1129 5266 1261 5335 04801)
1279 5280 1349 5339 qaae
1365 5285 1422 5324 aon
1439 5274 1555 5326 mmm.
1842 5355 1895 5410 14·
