<?xml version="1.0" encoding="UTF-8"?>
<!DOCTYPE html PUBLIC "-//W3C//DTD XHTML 1.0 Transitional//EN"
    "http://www.w3.org/TR/xhtml1/DTD/xhtml1-transitional.dtd">
<html xmlns="http://www.w3.org/1999/xhtml" xml:lang="en" lang="en">
 <head>
  <title>
</title>
<meta http-equiv="Content-Type" content="text/html;charset=utf-8" />
  <meta name='ocr-system' content='tesseract 3.04.00' />
  <meta name='ocr-capabilities' content='ocr_page ocr_carea ocr_par ocr_line ocrx_word'/>
</head>
<body>
  <div class='ocr_page' id='page_1' title='image "./ioanniscalvinio00reusgoog/ioanniscalvinio00reusgoog_0092.png"; bbox 0 0 4754 5880; ppageno 0'>
   <div class='ocr_carea' id='block_1_1' title="bbox 1043 278 1540 363">
    <p class='ocr_par' dir='ltr' id='par_1_1' title="bbox 1043 278 1540 363">
     <span class='ocr_line' id='line_1_1' title="bbox 1043 278 1540 363; baseline -0.01 -1"><span class='ocrx_word' id='word_1_1' title='bbox 1043 278 1305 363; x_wconf 72' lang='lat' dir='ltr'><strong>nirsronsn</strong></span> <span class='ocrx_word' id='word_1_2' title='bbox 1328 294 1540 358; x_wconf 77' lang='lat'>2461-2463</span> 
     </span>
    </p>
   </div>
   <div class='ocr_carea' id='block_1_2' title="bbox 570 488 987 710">
    <p class='ocr_par' dir='ltr' id='par_1_2' title="bbox 570 488 987 710">
     <span class='ocr_line' id='line_1_2' title="bbox 727 488 824 559; baseline -0.021 0"><span class='ocrx_word' id='word_1_3' title='bbox 727 488 824 559; x_wconf 78' lang='lat' dir='ltr'><strong>atel.</strong></span> 
     </span>
     <span class='ocr_line' id='line_1_3' title="bbox 570 638 987 710; baseline -0.012 0"><span class='ocrx_word' id='word_1_4' title='bbox 570 641 803 710; x_wconf 78' lang='lat' dir='ltr'><strong>BREN‘FIUS</strong></span> <span class='ocrx_word' id='word_1_5' title='bbox 825 638 987 707; x_wconf 72' lang='lat' dir='ltr'><strong>hasco.</strong></span> 
     </span>
    </p>
   </div>
   <div class='ocr_carea' id='block_1_3' title="bbox 291 809 1266 1058">
    <p class='ocr_par' dir='ltr' id='par_1_3' title="bbox 291 809 1266 1058">
     <span class='ocr_line' id='line_1_4' title="bbox 378 809 1265 897; baseline -0.016 -12"><span class='ocrx_word' id='word_1_6' title='bbox 378 819 535 885; x_wconf 78' lang='lat' dir='ltr'><strong>Hesterno</strong></span> <span class='ocrx_word' id='word_1_7' title='bbox 555 814 835 897; x_wconf 67' lang='lat' dir='ltr'><strong>disputationem</strong></span> <span class='ocrx_word' id='word_1_8' title='bbox 855 812 1054 893; x_wconf 78' lang='lat' dir='ltr'><strong>satisfactam</strong></span> <span class='ocrx_word' id='word_1_9' title='bbox 1073 809 1174 892; x_wconf 74' lang='lat' dir='ltr'><strong>fnisse</strong></span> <span class='ocrx_word' id='word_1_10' title='bbox 1195 828 1265 873; x_wconf 90' lang='lat' dir='ltr'><strong>con·</strong></span> 
     </span>
     <span class='ocr_line' id='line_1_5' title="bbox 291 899 1266 1058; baseline -0.012 -88"><span class='ocrx_word' id='word_1_11' title='bbox 291 904 515 1058; x_wconf 44' lang='lat' dir='ltr'><strong>grimardi</strong></span> <span class='ocrx_word' id='word_1_12' title='bbox 532 904 688 986; x_wconf 77' lang='lat' dir='ltr'><strong>inteprnm</strong></span> <span class='ocrx_word' id='word_1_13' title='bbox 704 921 767 965; x_wconf 86' lang='lat' dir='ltr'><strong>non</strong></span> <span class='ocrx_word' id='word_1_14' title='bbox 783 918 850 965; x_wconf 80' lang='lat' dir='ltr'><strong>esse</strong></span> <span class='ocrx_word' id='word_1_15' title='bbox 871 903 906 963; x_wconf 83' lang='lat' dir='ltr'><strong>at</strong></span> <span class='ocrx_word' id='word_1_16' title='bbox 927 899 963 963; x_wconf 83' lang='lat' dir='ltr'><strong>in</strong></span> <span class='ocrx_word' id='word_1_17' title='bbox 980 916 1093 963; x_wconf 81' lang='lat' dir='ltr'><strong>nocam</strong></span> <span class='ocrx_word' id='word_1_18' title='bbox 1112 899 1266 961; x_wconf 69' lang='lat' dir='ltr'><strong>mnemon</strong></span> 
     </span>
    </p>
   </div>
   <div class='ocr_carea' id='block_1_4' title="bbox 290 1151 1267 1294">
    <p class='ocr_par' dir='ltr' id='par_1_4' title="bbox 290 1151 1267 1294">
     <span class='ocr_line' id='line_1_6' title="bbox 290 1151 1267 1228; baseline -0.012 -13"><span class='ocrx_word' id='word_1_19' title='bbox 290 1161 487 1228; x_wconf 87' lang='lat' dir='ltr'><strong>(Describimus</strong></span> <span class='ocrx_word' id='word_1_20' title='bbox 509 1176 543 1211; x_wconf 88' lang='lat' dir='ltr'><strong>ex</strong></span> <span class='ocrx_word' id='word_1_21' title='bbox 562 1157 687 1212; x_wconf 84' lang='lat' dir='ltr'><strong>Gerdesii</strong></span> <span class='ocrx_word' id='word_1_22' title='bbox 710 1157 783 1209; x_wconf 87' lang='lat' dir='ltr'><strong>miso.</strong></span> <span class='ocrx_word' id='word_1_23' title='bbox 801 1155 835 1208; x_wconf 90' lang='lat'><strong>11.</strong></span> <span class='ocrx_word' id='word_1_24' title='bbox 855 1151 918 1217; x_wconf 79' lang='grc'>732,</span> <span class='ocrx_word' id='word_1_25' title='bbox 942 1155 989 1223; x_wconf 90' lang='lat' dir='ltr'><strong>qui</strong></span> <span class='ocrx_word' id='word_1_26' title='bbox 1011 1154 1069 1222; x_wconf 90' lang='lat' dir='ltr'><strong>ipse</strong></span> <span class='ocrx_word' id='word_1_27' title='bbox 1092 1152 1209 1220; x_wconf 85' lang='lat' dir='ltr'><strong>sumpsit</strong></span> <span class='ocrx_word' id='word_1_28' title='bbox 1232 1167 1267 1203; x_wconf 92' lang='lat' dir='ltr'><strong>ex</strong></span> 
     </span>
     <span class='ocr_line' id='line_1_7' title="bbox 638 1222 920 1294; baseline -0.014 -15"><span class='ocrx_word' id='word_1_29' title='bbox 638 1226 784 1279; x_wconf 86' lang='lat' dir='ltr'><strong>Meinersio</strong></span> <span class='ocrx_word' id='word_1_30' title='bbox 801 1242 828 1294; x_wconf 88' lang='lat' dir='ltr'><strong>p.</strong></span> <span class='ocrx_word' id='word_1_31' title='bbox 846 1222 920 1289; x_wconf 78' lang='lat'><strong>633.)</strong></span> 
     </span>
    </p>
   </div>
   <div class='ocr_carea' id='block_1_5' title="bbox 292 1392 1266 1475">
    <p class='ocr_par' dir='ltr' id='par_1_5' title="bbox 292 1392 1266 1475">
     <span class='ocr_line' id='line_1_8' title="bbox 292 1392 1266 1475; baseline -0.013 -8"><span class='ocrx_word' id='word_1_32' title='bbox 292 1402 442 1467; x_wconf 80' lang='lat' dir='ltr'>Salutem</span> <span class='ocrx_word' id='word_1_33' title='bbox 460 1402 495 1463; x_wconf 90' lang='lat' dir='ltr'><strong>in</strong></span> <span class='ocrx_word' id='word_1_34' title='bbox 510 1398 653 1475; x_wconf 77' lang='lat' dir='ltr'><strong>Christo,</strong></span> <span class='ocrx_word' id='word_1_35' title='bbox 671 1397 852 1463; x_wconf 86' lang='lat' dir='ltr'><strong>clarissime</strong></span> <span class='ocrx_word' id='word_1_36' title='bbox 870 1417 908 1460; x_wconf 90' lang='lat' dir='ltr'><strong>ao</strong></span> <span class='ocrx_word' id='word_1_37' title='bbox 926 1392 1103 1459; x_wconf 86' lang='lat' dir='ltr'><strong>reverende</strong></span> <span class='ocrx_word' id='word_1_38' title='bbox 1115 1393 1266 1458; x_wconf 86' lang='lat' dir='ltr'><strong>Domine.</strong></span> 
     </span>
    </p>
   </div>
   <div class='ocr_carea' id='block_1_6' title="bbox 291 1564 1273 3541">
    <p class='ocr_par' dir='ltr' id='par_1_6' title="bbox 291 1564 1273 3541">
     <span class='ocr_line' id='line_1_9' title="bbox 378 1564 1268 1650; baseline -0.011 -14"><span class='ocrx_word' id='word_1_39' title='bbox 378 1574 464 1636; x_wconf 93' lang='lat' dir='ltr'><strong>Puto</strong></span> <span class='ocrx_word' id='word_1_40' title='bbox 487 1591 539 1634; x_wconf 91' lang='lat' dir='ltr'><strong>me</strong></span> <span class='ocrx_word' id='word_1_41' title='bbox 561 1571 633 1635; x_wconf 90' lang='lat' dir='ltr'><strong>heri</strong></span> <span class='ocrx_word' id='word_1_42' title='bbox 655 1589 765 1634; x_wconf 89' lang='lat' dir='ltr'><strong>coram</strong></span> <span class='ocrx_word' id='word_1_43' title='bbox 788 1568 867 1631; x_wconf 88' lang='lat' dir='ltr'><strong>satis</strong></span> <span class='ocrx_word' id='word_1_44' title='bbox 890 1567 1062 1650; x_wconf 89' lang='lat' dir='ltr'><strong>perspicue</strong></span> <span class='ocrx_word' id='word_1_45' title='bbox 1084 1574 1118 1630; x_wconf 93' lang='lat' dir='ltr'><strong>et</strong></span> <span class='ocrx_word' id='word_1_46' title='bbox 1140 1564 1268 1646; x_wconf 87' lang='lat' dir='ltr'><strong>copiose</strong></span> 
     </span>
     <span class='ocr_line' id='line_1_10' title="bbox 292 1649 1269 1741; baseline -0.012 -17"><span class='ocrx_word' id='word_1_47' title='bbox 292 1658 481 1741; x_wconf 78' lang='lat' dir='ltr'>exposuisse</span> <span class='ocrx_word' id='word_1_48' title='bbox 503 1678 610 1721; x_wconf 88' lang='lat' dir='ltr'><strong>meam</strong></span> <span class='ocrx_word' id='word_1_49' title='bbox 634 1653 829 1720; x_wconf 79' lang='lat' dir='ltr'><strong>sententiam</strong></span> <span class='ocrx_word' id='word_1_50' title='bbox 853 1651 894 1716; x_wconf 93' lang='lat' dir='ltr'><strong>de</strong></span> <span class='ocrx_word' id='word_1_51' title='bbox 919 1653 1105 1734; x_wconf 90' lang='lat' dir='ltr'><strong>praesentia</strong></span> <span class='ocrx_word' id='word_1_52' title='bbox 1126 1649 1269 1733; x_wconf 86' lang='lat' dir='ltr'><strong>corporis</strong></span> 
     </span>
     <span class='ocr_line' id='line_1_11' title="bbox 292 1735 1269 1828; baseline -0.011 -19"><span class='ocrx_word' id='word_1_53' title='bbox 292 1758 325 1811; x_wconf 89' lang='lat' dir='ltr'><strong>et</strong></span> <span class='ocrx_word' id='word_1_54' title='bbox 348 1744 519 1828; x_wconf 88' lang='lat' dir='ltr'><strong>sanguinis</strong></span> <span class='ocrx_word' id='word_1_55' title='bbox 542 1741 667 1806; x_wconf 77' lang='lat' dir='ltr'>Christi</span> <span class='ocrx_word' id='word_1_56' title='bbox 696 1740 732 1803; x_wconf 90' lang='lat' dir='ltr'><strong>in</strong></span> <span class='ocrx_word' id='word_1_57' title='bbox 762 1760 846 1820; x_wconf 90' lang='lat' dir='ltr'><strong>pane</strong></span> <span class='ocrx_word' id='word_1_58' title='bbox 868 1747 902 1803; x_wconf 91' lang='lat' dir='ltr'><strong>et</strong></span> <span class='ocrx_word' id='word_1_59' title='bbox 924 1740 1001 1802; x_wconf 87' lang='lat' dir='ltr'><strong>vino</strong></span> <span class='ocrx_word' id='word_1_60' title='bbox 1023 1758 1142 1803; x_wconf 90' lang='lat' dir='ltr'><strong>coenae</strong></span> <span class='ocrx_word' id='word_1_61' title='bbox 1165 1735 1269 1800; x_wconf 87' lang='lat' dir='ltr'><strong>domi-</strong></span> 
     </span>
     <span class='ocr_line' id='line_1_12' title="bbox 292 1823 1269 1909; baseline -0.012 -13"><span class='ocrx_word' id='word_1_62' title='bbox 292 1832 396 1909; x_wconf 85' lang='lat' dir='ltr'><strong>nicae,</strong></span> <span class='ocrx_word' id='word_1_63' title='bbox 418 1839 450 1894; x_wconf 89' lang='lat' dir='ltr'><strong>et</strong></span> <span class='ocrx_word' id='word_1_64' title='bbox 473 1829 572 1891; x_wconf 91' lang='lat' dir='ltr'><strong>etiam</strong></span> <span class='ocrx_word' id='word_1_65' title='bbox 595 1826 641 1891; x_wconf 51' lang='lat' dir='ltr'><strong>de¹</strong></span> <span class='ocrx_word' id='word_1_66' title='bbox 657 1827 820 1890; x_wconf 88' lang='lat' dir='ltr'><strong>sententia</strong></span> <span class='ocrx_word' id='word_1_67' title='bbox 839 1826 1053 1907; x_wconf 84' lang='lat' dir='ltr'><strong>Augustanae</strong></span> <span class='ocrx_word' id='word_1_68' title='bbox 1074 1825 1111 1887; x_wconf 93' lang='lat' dir='ltr'><strong>in</strong></span> <span class='ocrx_word' id='word_1_69' title='bbox 1133 1823 1194 1887; x_wconf 92' lang='lat' dir='ltr'><strong>hoo</strong></span> <span class='ocrx_word' id='word_1_70' title='bbox 1217 1843 1269 1885; x_wconf 91' lang='lat' dir='ltr'><strong>ar·</strong></span> 
     </span>
     <span class='ocr_line' id='line_1_13' title="bbox 291 1906 1270 1982; baseline -0.013 0"><span class='ocrx_word' id='word_1_71' title='bbox 291 1917 394 1982; x_wconf 91' lang='lat' dir='ltr'><strong>ticulo</strong></span> <span class='ocrx_word' id='word_1_72' title='bbox 416 1914 642 1979; x_wconf 87' lang='lat' dir='ltr'><strong>confessionis.</strong></span> <span class='ocrx_word' id='word_1_73' title='bbox 675 1910 846 1975; x_wconf 89' lang='lat' dir='ltr'><strong>Intellexit</strong></span> <span class='ocrx_word' id='word_1_74' title='bbox 868 1923 978 1975; x_wconf 90' lang='lat' dir='ltr'><strong>autem</strong></span> <span class='ocrx_word' id='word_1_75' title='bbox 1000 1918 1059 1973; x_wconf 91' lang='lat' dir='ltr'><strong>tua</strong></span> <span class='ocrx_word' id='word_1_76' title='bbox 1080 1906 1270 1973; x_wconf 88' lang='lat' dir='ltr'><strong>humanitas</strong></span> 
     </span>
     <span class='ocr_line' id='line_1_14' title="bbox 292 1997 1271 2082; baseline -0.012 -14"><span class='ocrx_word' id='word_1_77' title='bbox 292 2001 382 2068; x_wconf 90' lang='lat' dir='ltr'><strong>baud</strong></span> <span class='ocrx_word' id='word_1_78' title='bbox 414 2002 559 2074; x_wconf 88' lang='lat' dir='ltr'><strong>obscure,</strong></span> <span class='ocrx_word' id='word_1_79' title='bbox 589 2008 627 2062; x_wconf 92' lang='lat' dir='ltr'><strong>ut</strong></span> <span class='ocrx_word' id='word_1_80' title='bbox 658 1999 782 2081; x_wconf 87' lang='lat' dir='ltr'>opinor,</span> <span class='ocrx_word' id='word_1_81' title='bbox 816 1997 898 2061; x_wconf 92' lang='lat' dir='ltr'><strong>mihi</strong></span> <span class='ocrx_word' id='word_1_82' title='bbox 932 2015 1000 2060; x_wconf 92' lang='lat' dir='ltr'><strong>nen</strong></span> <span class='ocrx_word' id='word_1_83' title='bbox 1033 2015 1105 2082; x_wconf 83' lang='lat' dir='ltr'><strong>esse</strong></span> <span class='ocrx_word' id='word_1_84' title='bbox 1138 2001 1271 2076; x_wconf 87' lang='lat' dir='ltr'><strong>propter</strong></span> 
     </span>
     <span class='ocr_line' id='line_1_15' title="bbox 294 2079 1271 2167; baseline -0.011 -14"><span class='ocrx_word' id='word_1_85' title='bbox 294 2088 417 2153; x_wconf 85' lang='lat' dir='ltr'><strong>multas</strong></span> <span class='ocrx_word' id='word_1_86' title='bbox 445 2107 559 2152; x_wconf 80' lang='lat' dir='ltr'><strong>causas</strong></span> <span class='ocrx_word' id='word_1_87' title='bbox 587 2086 770 2167; x_wconf 84' lang='lat' dir='ltr'><strong>integrum,</strong></span> <span class='ocrx_word' id='word_1_88' title='bbox 803 2091 841 2146; x_wconf 90' lang='lat' dir='ltr'><strong>ut</strong></span> <span class='ocrx_word' id='word_1_89' title='bbox 869 2081 930 2146; x_wconf 92' lang='lat' dir='ltr'><strong>hoc</strong></span> <span class='ocrx_word' id='word_1_90' title='bbox 963 2091 1109 2163; x_wconf 89' lang='lat' dir='ltr'><strong>tempore</strong></span> <span class='ocrx_word' id='word_1_91' title='bbox 1139 2079 1179 2144; x_wconf 94' lang='lat' dir='ltr'><strong>de</strong></span> <span class='ocrx_word' id='word_1_92' title='bbox 1206 2079 1271 2142; x_wconf 92' lang='lat' dir='ltr'><strong>isto</strong></span> 
     </span>
     <span class='ocr_line' id='line_1_16' title="bbox 295 2167 1272 2257; baseline -0.011 -18"><span class='ocrx_word' id='word_1_93' title='bbox 295 2173 426 2257; x_wconf 80' lang='lat' dir='ltr'><strong>negotio</strong></span> <span class='ocrx_word' id='word_1_94' title='bbox 448 2174 483 2235; x_wconf 93' lang='lat' dir='ltr'><strong>in</strong></span> <span class='ocrx_word' id='word_1_95' title='bbox 505 2190 627 2235; x_wconf 82' lang='lat' dir='ltr'><strong>novum</strong></span> <span class='ocrx_word' id='word_1_96' title='bbox 649 2176 814 2234; x_wconf 87' lang='lat' dir='ltr'><strong>certamen</strong></span> <span class='ocrx_word' id='word_1_97' title='bbox 837 2167 1041 2233; x_wconf 79' lang='lat' dir='ltr'><strong>descendam.</strong></span> <span class='ocrx_word' id='word_1_98' title='bbox 1077 2167 1151 2249; x_wconf 80' lang='lat' dir='ltr'><strong>Ego</strong></span> <span class='ocrx_word' id='word_1_99' title='bbox 1173 2185 1272 2248; x_wconf 90' lang='lat' dir='ltr'><strong>quarn</strong></span> 
     </span>
     <span class='ocr_line' id='line_1_17' title="bbox 296 2254 1272 2326; baseline -0.011 -2"><span class='ocrx_word' id='word_1_100' title='bbox 296 2259 493 2326; x_wconf 81' lang='lat' dir='ltr'><strong>sententiam</strong></span> <span class='ocrx_word' id='word_1_101' title='bbox 533 2256 573 2321; x_wconf 91' lang='lat' dir='ltr'><strong>de</strong></span> <span class='ocrx_word' id='word_1_102' title='bbox 612 2255 809 2319; x_wconf 88' lang='lat' dir='ltr'><strong>eucharistia</strong></span> <span class='ocrx_word' id='word_1_103' title='bbox 849 2254 1008 2318; x_wconf 85' lang='lat' dir='ltr'><strong>hactenus</strong></span> <span class='ocrx_word' id='word_1_104' title='bbox 1047 2263 1080 2317; x_wconf 90' lang='lat' dir='ltr'><strong>et</strong></span> <span class='ocrx_word' id='word_1_105' title='bbox 1118 2272 1199 2317; x_wconf 84' lang='lat' dir='ltr'><strong>voce</strong></span> <span class='ocrx_word' id='word_1_106' title='bbox 1238 2258 1272 2315; x_wconf 91' lang='lat' dir='ltr'><strong>et</strong></span> 
     </span>
     <span class='ocr_line' id='line_1_18' title="bbox 296 2339 1272 2428; baseline -0.012 -17"><span class='ocrx_word' id='word_1_107' title='bbox 296 2347 440 2428; x_wconf 89' lang='lat' dir='ltr'><strong>scriptis,</strong></span> <span class='ocrx_word' id='word_1_108' title='bbox 470 2344 546 2426; x_wconf 84' lang='lat' dir='ltr'><strong>quia</strong></span> <span class='ocrx_word' id='word_1_109' title='bbox 573 2341 718 2406; x_wconf 84' lang='lat' dir='ltr'><strong>iudicavi</strong></span> <span class='ocrx_word' id='word_1_110' title='bbox 740 2360 813 2404; x_wconf 89' lang='lat' dir='ltr'><strong>eam</strong></span> <span class='ocrx_word' id='word_1_111' title='bbox 835 2339 1020 2422; x_wconf 88' lang='lat' dir='ltr'><strong>apostolicis</strong></span> <span class='ocrx_word' id='word_1_112' title='bbox 1043 2339 1172 2419; x_wconf 89' lang='lat' dir='ltr'><strong>scriptis</strong></span> <span class='ocrx_word' id='word_1_113' title='bbox 1194 2357 1272 2402; x_wconf 91' lang='lat' dir='ltr'><strong>con-</strong></span> 
     </span>
     <span class='ocr_line' id='line_1_19' title="bbox 296 2423 1272 2512; baseline -0.011 -15"><span class='ocrx_word' id='word_1_114' title='bbox 296 2441 504 2506; x_wconf 89' lang='lat' dir='ltr'><strong>sentaneam,</strong></span> <span class='ocrx_word' id='word_1_115' title='bbox 538 2426 703 2512; x_wconf 88' lang='lat' dir='ltr'><strong>professus</strong></span> <span class='ocrx_word' id='word_1_116' title='bbox 736 2448 823 2504; x_wconf 92' lang='lat' dir='ltr'><strong>sum,</strong></span> <span class='ocrx_word' id='word_1_117' title='bbox 857 2424 963 2490; x_wconf 86' lang='lat' dir='ltr'><strong>adhuc</strong></span> <span class='ocrx_word' id='word_1_118' title='bbox 996 2424 1109 2490; x_wconf 88' lang='lat' dir='ltr'><strong>divina</strong></span> <span class='ocrx_word' id='word_1_119' title='bbox 1141 2423 1272 2487; x_wconf 88' lang='lat' dir='ltr'><strong>adiutus</strong></span> 
     </span>
     <span class='ocr_line' id='line_1_20' title="bbox 296 2508 1271 2594; baseline -0.01 -13"><span class='ocrx_word' id='word_1_120' title='bbox 296 2516 478 2593; x_wconf 79' lang='lat' dir='ltr'><strong>clementia,</strong></span> <span class='ocrx_word' id='word_1_121' title='bbox 505 2533 700 2578; x_wconf 88' lang='lat' dir='ltr'><strong>conservare</strong></span> <span class='ocrx_word' id='word_1_122' title='bbox 727 2521 761 2575; x_wconf 90' lang='lat' dir='ltr'><strong>et</strong></span> <span class='ocrx_word' id='word_1_123' title='bbox 789 2512 875 2575; x_wconf 90' lang='lat' dir='ltr'><strong>tueri</strong></span> <span class='ocrx_word' id='word_1_124' title='bbox 905 2532 1048 2594; x_wconf 85' lang='lat' dir='ltr'><strong>pergam.</strong></span> <span class='ocrx_word' id='word_1_125' title='bbox 1084 2508 1271 2587; x_wconf 79' lang='lat' dir='ltr'><strong>Caeterum,</strong></span> 
     </span>
     <span class='ocr_line' id='line_1_21' title="bbox 296 2596 1271 2686; baseline -0.009 -20"><span class='ocrx_word' id='word_1_126' title='bbox 296 2623 377 2686; x_wconf 92' lang='lat' dir='ltr'><strong>quas</strong></span> <span class='ocrx_word' id='word_1_127' title='bbox 399 2600 480 2665; x_wconf 92' lang='lat' dir='ltr'><strong>mihi</strong></span> <span class='ocrx_word' id='word_1_128' title='bbox 502 2599 739 2684; x_wconf 84' lang='lat' dir='ltr'><strong>propositiones</strong></span> <span class='ocrx_word' id='word_1_129' title='bbox 761 2605 818 2661; x_wconf 90' lang='lat' dir='ltr'><strong>tua</strong></span> <span class='ocrx_word' id='word_1_130' title='bbox 839 2597 1026 2661; x_wconf 87' lang='lat' dir='ltr'><strong>humanitas</strong></span> <span class='ocrx_word' id='word_1_131' title='bbox 1048 2596 1173 2672; x_wconf 90' lang='lat' dir='ltr'><strong>recitat,</strong></span> <span class='ocrx_word' id='word_1_132' title='bbox 1196 2615 1271 2676; x_wconf 92' lang='lat' dir='ltr'><strong>par·</strong></span> 
     </span>
     <span class='ocr_line' id='line_1_22' title="bbox 297 2681 1271 2771; baseline -0.006 -19"><span class='ocrx_word' id='word_1_133' title='bbox 297 2690 358 2752; x_wconf 94' lang='lat' dir='ltr'><strong>tim</strong></span> <span class='ocrx_word' id='word_1_134' title='bbox 393 2707 542 2771; x_wconf 87' lang='lat' dir='ltr'><strong>agnosco,</strong></span> <span class='ocrx_word' id='word_1_135' title='bbox 576 2686 696 2768; x_wconf 91' lang='lat' dir='ltr'><strong>partim</strong></span> <span class='ocrx_word' id='word_1_136' title='bbox 726 2684 844 2760; x_wconf 90' lang='lat' dir='ltr'><strong>reiioio,</strong></span> <span class='ocrx_word' id='word_1_137' title='bbox 879 2691 912 2747; x_wconf 89' lang='lat' dir='ltr'><strong>et</strong></span> <span class='ocrx_word' id='word_1_138' title='bbox 940 2689 978 2746; x_wconf 93' lang='lat' dir='ltr'><strong>ut</strong></span> <span class='ocrx_word' id='word_1_139' title='bbox 1006 2681 1206 2764; x_wconf 80' lang='lat' dir='ltr'><strong>explicarem</strong></span> <span class='ocrx_word' id='word_1_140' title='bbox 1233 2702 1271 2746; x_wconf 91' lang='lat' dir='ltr'><strong>ac</strong></span> 
     </span>
     <span class='ocr_line' id='line_1_23' title="bbox 296 2768 1272 2858; baseline -0.008 -20"><span class='ocrx_word' id='word_1_141' title='bbox 296 2774 469 2852; x_wconf 88' lang='lat' dir='ltr'><strong>munirem,</strong></span> <span class='ocrx_word' id='word_1_142' title='bbox 487 2793 529 2835; x_wconf 90' lang='lat' dir='ltr'><strong>nc</strong></span> <span class='ocrx_word' id='word_1_143' title='bbox 546 2771 665 2854; x_wconf 88' lang='lat' dir='ltr'><strong>aliquis</strong></span> <span class='ocrx_word' id='word_1_144' title='bbox 686 2770 776 2858; x_wconf 83' lang='lat' dir='ltr'><strong>locus</strong></span> <span class='ocrx_word' id='word_1_145' title='bbox 793 2774 920 2850; x_wconf 87' lang='lat' dir='ltr'><strong>pateret</strong></span> <span class='ocrx_word' id='word_1_146' title='bbox 937 2768 1120 2844; x_wconf 90' lang='lat' dir='ltr'><strong>calumniis,</strong></span> <span class='ocrx_word' id='word_1_147' title='bbox 1140 2787 1272 2832; x_wconf 70' lang='lat' dir='ltr'><strong>necessa</strong></span> 
     </span>
     <span class='ocr_line' id='line_1_24' title="bbox 297 2852 1270 2934; baseline -0.008 -10"><span class='ocrx_word' id='word_1_148' title='bbox 297 2860 451 2924; x_wconf 88' lang='lat' dir='ltr'><strong>haberem</strong></span> <span class='ocrx_word' id='word_1_149' title='bbox 481 2857 753 2921; x_wconf 88' lang='lat' dir='ltr'><strong>commentarium</strong></span> <span class='ocrx_word' id='word_1_150' title='bbox 781 2855 930 2919; x_wconf 90' lang='lat' dir='ltr'><strong>seribere.</strong></span> <span class='ocrx_word' id='word_1_151' title='bbox 968 2853 1064 2934; x_wconf 80' lang='lat' dir='ltr'><strong>Quod</strong></span> <span class='ocrx_word' id='word_1_152' title='bbox 1086 2853 1169 2917; x_wconf 92' lang='lat' dir='ltr'><strong>mihi</strong></span> <span class='ocrx_word' id='word_1_153' title='bbox 1191 2852 1270 2916; x_wconf 89' lang='lat' dir='ltr'><strong>alio-</strong></span> 
     </span>
     <span class='ocr_line' id='line_1_25' title="bbox 297 2939 1271 3027; baseline -0.005 -19"><span class='ocrx_word' id='word_1_154' title='bbox 297 2946 354 3027; x_wconf 86' lang='lat' dir='ltr'><strong>qui</strong></span> <span class='ocrx_word' id='word_1_155' title='bbox 383 2945 430 3009; x_wconf 90' lang='lat' dir='ltr'><strong>sic</strong></span> <span class='ocrx_word' id='word_1_156' title='bbox 459 2945 538 3008; x_wconf 89' lang='lat' dir='ltr'><strong>satis</strong></span> <span class='ocrx_word' id='word_1_157' title='bbox 567 2951 725 3023; x_wconf 90' lang='lat' dir='ltr'><strong>occupato</strong></span> <span class='ocrx_word' id='word_1_158' title='bbox 749 2963 837 3005; x_wconf 89' lang='lat' dir='ltr'><strong>nunc</strong></span> <span class='ocrx_word' id='word_1_159' title='bbox 865 2962 931 3004; x_wconf 91' lang='lat' dir='ltr'><strong>non</strong></span> <span class='ocrx_word' id='word_1_160' title='bbox 953 2940 1042 3014; x_wconf 89' lang='lat' dir='ltr'><strong>lieet,</strong></span> <span class='ocrx_word' id='word_1_161' title='bbox 1076 2939 1271 3021; x_wconf 83' lang='lat' dir='ltr'><strong>praesertim</strong></span> 
     </span>
     <span class='ocr_line' id='line_1_26' title="bbox 298 3025 1270 3114; baseline -0.007 -19"><span class='ocrx_word' id='word_1_162' title='bbox 298 3052 399 3114; x_wconf 92' lang='lat' dir='ltr'><strong>quum</strong></span> <span class='ocrx_word' id='word_1_163' title='bbox 416 3030 451 3093; x_wconf 91' lang='lat' dir='ltr'><strong>in</strong></span> <span class='ocrx_word' id='word_1_164' title='bbox 471 3029 522 3094; x_wconf 88' lang='lat' dir='ltr'><strong>his</strong></span> <span class='ocrx_word' id='word_1_165' title='bbox 540 3033 623 3093; x_wconf 89' lang='lat' dir='ltr'><strong>meis</strong></span> <span class='ocrx_word' id='word_1_166' title='bbox 651 3028 790 3108; x_wconf 88' lang='lat' dir='ltr'><strong>scriptis,</strong></span> <span class='ocrx_word' id='word_1_167' title='bbox 824 3027 880 3091; x_wconf 90' lang='lat' dir='ltr'><strong>ubi</strong></span> <span class='ocrx_word' id='word_1_168' title='bbox 897 3036 1002 3090; x_wconf 88' lang='lat' dir='ltr'><strong>tracto</strong></span> <span class='ocrx_word' id='word_1_169' title='bbox 1028 3025 1270 3100; x_wconf 88' lang='lat' dir='ltr'><strong>eucharistiam,</strong></span> 
     </span>
     <span class='ocr_line' id='line_1_27' title="bbox 297 3110 1272 3194; baseline -0.007 -12"><span class='ocrx_word' id='word_1_170' title='bbox 297 3116 409 3190; x_wconf 83' lang='lat' dir='ltr'><strong>videar</strong></span> <span class='ocrx_word' id='word_1_171' title='bbox 426 3115 509 3180; x_wconf 88' lang='lat' dir='ltr'><strong>mihi</strong></span> <span class='ocrx_word' id='word_1_172' title='bbox 531 3114 611 3179; x_wconf 89' lang='lat' dir='ltr'><strong>haec</strong></span> <span class='ocrx_word' id='word_1_173' title='bbox 632 3115 743 3177; x_wconf 89' lang='lat' dir='ltr'><strong>omnia</strong></span> <span class='ocrx_word' id='word_1_174' title='bbox 764 3112 851 3178; x_wconf 90' lang='lat' dir='ltr'><strong>clare</strong></span> <span class='ocrx_word' id='word_1_175' title='bbox 874 3110 1073 3194; x_wconf 87' lang='lat' dir='ltr'><strong>exposuisse,</strong></span> <span class='ocrx_word' id='word_1_176' title='bbox 1095 3111 1132 3175; x_wconf 92' lang='lat' dir='ltr'><strong>in</strong></span> <span class='ocrx_word' id='word_1_177' title='bbox 1153 3111 1272 3194; x_wconf 90' lang='lat' dir='ltr'><strong>quibus</strong></span> 
     </span>
     <span class='ocr_line' id='line_1_28' title="bbox 298 3193 1272 3286; baseline -0.007 -20"><span class='ocrx_word' id='word_1_178' title='bbox 298 3222 426 3286; x_wconf 90' lang='lat' dir='ltr'><strong>quoqne</strong></span> <span class='ocrx_word' id='word_1_179' title='bbox 448 3201 553 3279; x_wconf 91' lang='lat' dir='ltr'><strong>docui,</strong></span> <span class='ocrx_word' id='word_1_180' title='bbox 576 3221 629 3264; x_wconf 89' lang='lat' dir='ltr'><strong>me</strong></span> <span class='ocrx_word' id='word_1_181' title='bbox 650 3199 749 3283; x_wconf 88' lang='lat' dir='ltr'><strong>plane</strong></span> <span class='ocrx_word' id='word_1_182' title='bbox 770 3197 854 3262; x_wconf 90' lang='lat' dir='ltr'><strong>nihil</strong></span> <span class='ocrx_word' id='word_1_183' title='bbox 876 3197 962 3264; x_wconf 85' lang='lat' dir='ltr'><strong>velle</strong></span> <span class='ocrx_word' id='word_1_184' title='bbox 984 3204 1155 3276; x_wconf 88' lang='lat' dir='ltr'><strong>assertum,</strong></span> <span class='ocrx_word' id='word_1_185' title='bbox 1183 3193 1272 3279; x_wconf 89' lang='lat' dir='ltr'><strong>quod</strong></span> 
     </span>
     <span class='ocr_line' id='line_1_29' title="bbox 297 3283 1271 3365; baseline -0.008 -11"><span class='ocrx_word' id='word_1_186' title='bbox 297 3309 373 3354; x_wconf 91' lang='lat' dir='ltr'><strong>cum</strong></span> <span class='ocrx_word' id='word_1_187' title='bbox 384 3308 543 3362; x_wconf 82' lang='lat' dir='ltr'><strong>consensu</strong></span> <span class='ocrx_word' id='word_1_188' title='bbox 562 3285 727 3362; x_wconf 89' lang='lat' dir='ltr'><strong>eeclesiae,</strong></span> <span class='ocrx_word' id='word_1_189' title='bbox 740 3284 802 3348; x_wconf 94' lang='lat' dir='ltr'><strong>hoc</strong></span> <span class='ocrx_word' id='word_1_190' title='bbox 820 3291 879 3361; x_wconf 87' lang='lat' dir='ltr'><strong>est,</strong></span> <span class='ocrx_word' id='word_1_191' title='bbox 897 3304 972 3348; x_wconf 92' lang='lat' dir='ltr'><strong>oum</strong></span> <span class='ocrx_word' id='word_1_192' title='bbox 990 3303 1083 3348; x_wconf 84' lang='lat' dir='ltr'><strong>saera</strong></span> <span class='ocrx_word' id='word_1_193' title='bbox 1100 3283 1271 3365; x_wconf 84' lang='lat' dir='ltr'><strong>scriptura,</strong></span> 
     </span>
     <span class='ocr_line' id='line_1_30' title="bbox 297 3367 1273 3457; baseline -0.007 -19"><span class='ocrx_word' id='word_1_194' title='bbox 297 3383 452 3457; x_wconf 88' lang='lat' dir='ltr'><strong>quaeest</strong></span> <span class='ocrx_word' id='word_1_195' title='bbox 474 3372 643 3438; x_wconf 90' lang='lat' dir='ltr'><strong>oraculum</strong></span> <span class='ocrx_word' id='word_1_196' title='bbox 661 3393 708 3454; x_wconf 89' lang='lat' dir='ltr'><strong>sp.</strong></span> <span class='ocrx_word' id='word_1_197' title='bbox 729 3370 841 3443; x_wconf 85' lang='lat' dir='ltr'><strong>sancti¹</strong></span> <span class='ocrx_word' id='word_1_198' title='bbox 861 3378 994 3454; x_wconf 81' lang='lat' dir='ltr'><strong>pugnet.</strong></span> <span class='ocrx_word' id='word_1_199' title='bbox 1029 3370 1120 3434; x_wconf 91' lang='lat' dir='ltr'><strong>Bene</strong></span> <span class='ocrx_word' id='word_1_200' title='bbox 1142 3390 1179 3435; x_wconf 89' lang='lat' dir='ltr'><strong>ac</strong></span> <span class='ocrx_word' id='word_1_201' title='bbox 1201 3367 1273 3433; x_wconf 86' lang='lat' dir='ltr'><strong>feli-</strong></span> 
     </span>
     <span class='ocr_line' id='line_1_31' title="bbox 298 3455 1049 3541; baseline -0.008 -16"><span class='ocrx_word' id='word_1_202' title='bbox 298 3461 379 3525; x_wconf 92' lang='lat' dir='ltr'><strong>citer</strong></span> <span class='ocrx_word' id='word_1_203' title='bbox 399 3459 482 3525; x_wconf 76' lang='lat' dir='ltr'><strong>vale.</strong></span> <span class='ocrx_word' id='word_1_204' title='bbox 527 3457 754 3541; x_wconf 82' lang='lat' dir='ltr'><strong>Stuttgardiae</strong></span> <span class='ocrx_word' id='word_1_205' title='bbox 778 3460 827 3519; x_wconf 81' lang='lat'><strong>24.</strong></span> <span class='ocrx_word' id='word_1_206' title='bbox 851 3455 933 3520; x_wconf 89' lang='lat' dir='ltr'><strong>Maii</strong></span> <span class='ocrx_word' id='word_1_207' title='bbox 959 3459 1049 3519; x_wconf 82' lang='lat'><strong>1556.</strong></span> 
     </span>
    </p>
   </div>
   <div class='ocr_carea' id='block_1_7' title="bbox 688 3766 894 3777">
    <p class='ocr_par' dir='ltr' id='par_1_7' title="bbox 688 3766 894 3777">
     <span class='ocr_line' id='line_1_32' title="bbox 688 3766 894 3777; baseline -0.01 0"><span class='ocrx_word' id='word_1_208' title='bbox 688 3766 894 3777; x_wconf 71' lang='lat' dir='ltr'><strong>——uu—</strong></span> 
     </span>
    </p>
   </div>
   <div class='ocr_carea' id='block_1_8' title="bbox 577 4020 998 4242">
    <p class='ocr_par' dir='ltr' id='par_1_8' title="bbox 577 4020 998 4242">
     <span class='ocr_line' id='line_1_33' title="bbox 742 4020 844 4091; baseline 0.02 -2"><span class='ocrx_word' id='word_1_209' title='bbox 742 4020 844 4091; x_wconf 73' lang='lat'><strong>2462.</strong></span> 
     </span>
     <span class='ocr_line' id='line_1_34' title="bbox 577 4173 998 4242; baseline -0.01 -1"><span class='ocrx_word' id='word_1_210' title='bbox 577 4175 758 4242; x_wconf 72' lang='lat' dir='ltr'><strong>Luscus</strong></span> <span class='ocrx_word' id='word_1_211' title='bbox 782 4173 998 4241; x_wconf 73' lang='grc' dir='ltr'><strong>ΒΒΕΝΤΙΟ.</strong></span> 
     </span>
    </p>
   </div>
   <div class='ocr_carea' id='block_1_9' title="bbox 2229 291 2289 353">
    <p class='ocr_par' dir='ltr' id='par_1_9' title="bbox 2229 291 2289 353">
     <span class='ocr_line' id='line_1_35' title="bbox 2229 291 2289 353; baseline 0.017 -2"><span class='ocrx_word' id='word_1_212' title='bbox 2229 291 2289 353; x_wconf 86' lang='grc'><strong>160</strong></span> 
     </span>
    </p>
   </div>
   <div class='ocr_carea' id='block_1_10' title="bbox 1287 476 2290 561">
    <p class='ocr_par' dir='ltr' id='par_1_10' title="bbox 1287 476 2290 561">
     <span class='ocr_line' id='line_1_36' title="bbox 1287 476 2290 561; baseline -0.003 -15"><span class='ocrx_word' id='word_1_213' title='bbox 1287 483 1429 555; x_wconf 79' lang='lat' dir='ltr'><strong>lfatcar.</strong></span> <span class='ocrx_word' id='word_1_214' title='bbox 1475 478 1598 544; x_wconf 83' lang='lat' dir='ltr'><strong>Audivi</strong></span> <span class='ocrx_word' id='word_1_215' title='bbox 1619 479 1708 556; x_wconf 75' lang='lat' dir='ltr'><strong>item,</strong></span> <span class='ocrx_word' id='word_1_216' title='bbox 1736 497 1819 561; x_wconf 89' lang='lat' dir='ltr'><strong>quae</strong></span> <span class='ocrx_word' id='word_1_217' title='bbox 1849 476 1889 543; x_wconf 90' lang='lat' dir='ltr'><strong>de</strong></span> <span class='ocrx_word' id='word_1_218' title='bbox 1913 477 2127 544; x_wconf 85' lang='lat' dir='ltr'><strong>confessionis</strong></span> <span class='ocrx_word' id='word_1_219' title='bbox 2156 480 2290 561; x_wconf 79' lang='lat' dir='ltr'><strong>Augus·</strong></span> 
     </span>
    </p>
   </div>
   <div class='ocr_carea' id='block_1_11' title="bbox 1315 562 2329 4342">
    <p class='ocr_par' dir='ltr' id='par_1_11' title="bbox 1315 562 2292 905">
     <span class='ocr_line' id='line_1_37' title="bbox 1316 562 2290 647; baseline -0.002 -16"><span class='ocrx_word' id='word_1_220' title='bbox 1316 576 1413 631; x_wconf 89' lang='lat' dir='ltr'><strong>tanae</strong></span> <span class='ocrx_word' id='word_1_221' title='bbox 1431 566 1595 630; x_wconf 88' lang='lat' dir='ltr'><strong>sententia</strong></span> <span class='ocrx_word' id='word_1_222' title='bbox 1612 563 1790 630; x_wconf 82' lang='lat' dir='ltr'><strong>adferebas.</strong></span> <span class='ocrx_word' id='word_1_223' title='bbox 1813 563 1881 629; x_wconf 82' lang='lat' dir='ltr'><strong>Sed</strong></span> <span class='ocrx_word' id='word_1_224' title='bbox 1899 584 2022 642; x_wconf 89' lang='lat' dir='ltr'><strong>eorum,</strong></span> <span class='ocrx_word' id='word_1_225' title='bbox 2045 583 2128 647; x_wconf 86' lang='lat' dir='ltr'><strong>quae</strong></span> <span class='ocrx_word' id='word_1_226' title='bbox 2151 562 2290 638; x_wconf 85' lang='lat' dir='ltr'><strong>dicebas.</strong></span> 
     </span>
     <span class='ocr_line' id='line_1_38' title="bbox 1315 648 2292 798; baseline -0.004 -81"><span class='ocrx_word' id='word_1_227' title='bbox 1315 654 1422 717; x_wconf 83' lang='lat' dir='ltr'><strong>fontes</strong></span> <span class='ocrx_word' id='word_1_228' title='bbox 1443 652 1478 715; x_wconf 90' lang='lat' dir='ltr'><strong>in</strong></span> <span class='ocrx_word' id='word_1_229' title='bbox 1490 653 1686 734; x_wconf 80' lang='lat' dir='ltr'><strong>Augustam</strong></span> <span class='ocrx_word' id='word_1_230' title='bbox 1707 670 1769 733; x_wconf 80' lang='lat' dir='ltr'><strong>ego</strong></span> <span class='ocrx_word' id='word_1_231' title='bbox 1781 649 1992 728; x_wconf 89' lang='lat' dir='ltr'><strong>confessione,</strong></span> <span class='ocrx_word' id='word_1_232' title='bbox 2015 671 2035 714; x_wconf 90' lang='lat' dir='ltr'><strong>a</strong></span> <span class='ocrx_word' id='word_1_233' title='bbox 2055 669 2121 798; x_wconf 80' lang='lat' dir='ltr'><strong>qua</strong></span> <span class='ocrx_word' id='word_1_234' title='bbox 2143 670 2203 714; x_wconf 89' lang='lat' dir='ltr'><strong>nos</strong></span> <span class='ocrx_word' id='word_1_235' title='bbox 2225 648 2292 713; x_wconf 89' lang='lat' dir='ltr'><strong>dis·</strong></span> 
     </span>
     <span class='ocr_line' id='line_1_39' title="bbox 1316 733 2292 821; baseline -0.004 -17"><span class='ocrx_word' id='word_1_236' title='bbox 1316 737 1440 804; x_wconf 87' lang='lat' dir='ltr'><strong>sentire</strong></span> <span class='ocrx_word' id='word_1_237' title='bbox 1462 749 1568 821; x_wconf 84' lang='lat' dir='ltr'><strong>putas,</strong></span> <span class='ocrx_word' id='word_1_238' title='bbox 1580 756 1743 819; x_wconf 89' lang='lat' dir='ltr'><strong>nusquam</strong></span> <span class='ocrx_word' id='word_1_239' title='bbox 1755 736 1891 818; x_wconf 90' lang='lat' dir='ltr'><strong>reperio,</strong></span> <span class='ocrx_word' id='word_1_240' title='bbox 1914 744 1949 799; x_wconf 91' lang='lat' dir='ltr'><strong>et</strong></span> <span class='ocrx_word' id='word_1_241' title='bbox 1959 735 2054 818; x_wconf 88' lang='lat' dir='ltr'><strong>proin</strong></span> <span class='ocrx_word' id='word_1_242' title='bbox 2077 733 2182 800; x_wconf 87' lang='lat' dir='ltr'><strong>eillos</strong></span> <span class='ocrx_word' id='word_1_243' title='bbox 2199 735 2292 813; x_wconf 86' lang='lat' dir='ltr'><strong>mihi,</strong></span> 
     </span>
     <span class='ocr_line' id='line_1_40' title="bbox 1315 820 2226 905; baseline -0.002 -18"><span class='ocrx_word' id='word_1_244' title='bbox 1315 823 1396 889; x_wconf 90' lang='lat' dir='ltr'><strong>locis</strong></span> <span class='ocrx_word' id='word_1_245' title='bbox 1417 824 1497 905; x_wconf 89' lang='lat' dir='ltr'><strong>ipsis</strong></span> <span class='ocrx_word' id='word_1_246' title='bbox 1517 822 1638 905; x_wconf 88' lang='lat' dir='ltr'><strong>alioqui</strong></span> <span class='ocrx_word' id='word_1_247' title='bbox 1660 820 1823 899; x_wconf 86' lang='lat' dir='ltr'><strong>indicatis,</strong></span> <span class='ocrx_word' id='word_1_248' title='bbox 1846 822 1942 903; x_wconf 93' lang='lat' dir='ltr'><strong>cupio</strong></span> <span class='ocrx_word' id='word_1_249' title='bbox 1964 822 2226 886; x_wconf 88' lang='lat' dir='ltr'><strong>commonstrari.</strong></span> 
     </span>
    </p>

    <p class='ocr_par' dir='ltr' id='par_1_12' title="bbox 1317 905 2329 1334">
     <span class='ocr_line' id='line_1_41' title="bbox 1402 905 2295 990; baseline -0.004 -16"><span class='ocrx_word' id='word_1_250' title='bbox 1402 908 1634 974; x_wconf 89' lang='lat' dir='ltr'><strong>Dedoctrinae</strong></span> <span class='ocrx_word' id='word_1_251' title='bbox 1652 908 1741 972; x_wconf 90' lang='lat' dir='ltr'><strong>enim</strong></span> <span class='ocrx_word' id='word_1_252' title='bbox 1762 917 1838 972; x_wconf 90' lang='lat' dir='ltr'><strong>tuae</strong></span> <span class='ocrx_word' id='word_1_253' title='bbox 1859 908 2024 972; x_wconf 88' lang='lat' dir='ltr'><strong>sententia</strong></span> <span class='ocrx_word' id='word_1_254' title='bbox 2045 905 2140 972; x_wconf 87' lang='lat' dir='ltr'><strong>nobis</strong></span> <span class='ocrx_word' id='word_1_255' title='bbox 2151 906 2187 970; x_wconf 91' lang='lat' dir='ltr'><strong>in</strong></span> <span class='ocrx_word' id='word_1_256' title='bbox 2198 927 2295 990; x_wconf 89' lang='lat' dir='ltr'><strong>prae·</strong></span> 
     </span>
     <span class='ocr_line' id='line_1_42' title="bbox 1317 990 2329 1077; baseline -0.003 -17"><span class='ocrx_word' id='word_1_257' title='bbox 1317 995 1495 1060; x_wconf 79' lang='lat' dir='ltr'><strong>sontiates</strong></span> <span class='ocrx_word' id='word_1_258' title='bbox 1522 1016 1588 1059; x_wconf 90' lang='lat' dir='ltr'><strong>non</strong></span> <span class='ocrx_word' id='word_1_259' title='bbox 1613 1005 1672 1071; x_wconf 88' lang='lat' dir='ltr'><strong>est,</strong></span> <span class='ocrx_word' id='word_1_260' title='bbox 1694 1015 1732 1059; x_wconf 89' lang='lat' dir='ltr'><strong>ac</strong></span> <span class='ocrx_word' id='word_1_261' title='bbox 1749 990 2022 1077; x_wconf 90' lang='lat' dir='ltr'><strong>quemadmodum</strong></span> <span class='ocrx_word' id='word_1_262' title='bbox 2046 1003 2213 1059; x_wconf 85' lang='lat' dir='ltr'><strong>certamen</strong></span> <span class='ocrx_word' id='word_1_263' title='bbox 2235 1013 2295 1075; x_wconf 90' lang='lat' dir='ltr'><strong>pro</strong></span> <span class='ocrx_word' id='word_1_264' title='bbox 2320 1002 2329 1022; x_wconf 86' lang='lat'>&#39;</span> 
     </span>
     <span class='ocr_line' id='line_1_43' title="bbox 1318 1076 2295 1162; baseline -0.003 -17"><span class='ocrx_word' id='word_1_265' title='bbox 1318 1081 1375 1145; x_wconf 88' lang='lat' dir='ltr'><strong>illa</strong></span> <span class='ocrx_word' id='word_1_266' title='bbox 1407 1080 1583 1158; x_wconf 74' lang='lat' dir='ltr'><strong>densetae,</strong></span> <span class='ocrx_word' id='word_1_267' title='bbox 1618 1081 1664 1143; x_wconf 88' lang='lat' dir='ltr'><strong>ita</strong></span> <span class='ocrx_word' id='word_1_268' title='bbox 1692 1090 1726 1143; x_wconf 93' lang='lat' dir='ltr'><strong>et</strong></span> <span class='ocrx_word' id='word_1_269' title='bbox 1758 1100 1819 1162; x_wconf 82' lang='lat' dir='ltr'><strong>ego</strong></span> <span class='ocrx_word' id='word_1_270' title='bbox 1850 1076 1934 1144; x_wconf 90' lang='lat' dir='ltr'><strong>illud</strong></span> <span class='ocrx_word' id='word_1_271' title='bbox 1965 1100 2033 1143; x_wconf 92' lang='lat' dir='ltr'><strong>non</strong></span> <span class='ocrx_word' id='word_1_272' title='bbox 2065 1089 2192 1161; x_wconf 88' lang='lat' dir='ltr'><strong>expeto,</strong></span> <span class='ocrx_word' id='word_1_273' title='bbox 2226 1081 2295 1143; x_wconf 90' lang='lat' dir='ltr'><strong>imo</strong></span> 
     </span>
     <span class='ocr_line' id='line_1_44' title="bbox 1318 1163 2295 1242; baseline -0.003 -10"><span class='ocrx_word' id='word_1_274' title='bbox 1318 1177 1352 1232; x_wconf 91' lang='lat' dir='ltr'><strong>et</strong></span> <span class='ocrx_word' id='word_1_275' title='bbox 1372 1187 1487 1231; x_wconf 88' lang='lat' dir='ltr'><strong>causas</strong></span> <span class='ocrx_word' id='word_1_276' title='bbox 1508 1185 1670 1242; x_wconf 88' lang='lat' dir='ltr'><strong>recenseo,</strong></span> <span class='ocrx_word' id='word_1_277' title='bbox 1693 1184 1752 1229; x_wconf 90' lang='lat' dir='ltr'><strong>cur</strong></span> <span class='ocrx_word' id='word_1_278' title='bbox 1773 1166 1808 1229; x_wconf 90' lang='lat' dir='ltr'><strong>in</strong></span> <span class='ocrx_word' id='word_1_279' title='bbox 1830 1164 1891 1230; x_wconf 91' lang='lat' dir='ltr'><strong>hoc</strong></span> <span class='ocrx_word' id='word_1_280' title='bbox 1914 1174 2079 1230; x_wconf 88' lang='lat' dir='ltr'><strong>certamen</strong></span> <span class='ocrx_word' id='word_1_281' title='bbox 2097 1163 2295 1231; x_wconf 88' lang='lat' dir='ltr'><strong>descendere</strong></span> 
     </span>
     <span class='ocr_line' id='line_1_45' title="bbox 1318 1250 2326 1334; baseline -0.003 -18"><span class='ocrx_word' id='word_1_282' title='bbox 1318 1273 1406 1317; x_wconf 90' lang='lat' dir='ltr'><strong>nunc</strong></span> <span class='ocrx_word' id='word_1_283' title='bbox 1428 1251 1510 1316; x_wconf 92' lang='lat' dir='ltr'><strong>mihi</strong></span> <span class='ocrx_word' id='word_1_284' title='bbox 1532 1250 1780 1333; x_wconf 88' lang='lat' dir='ltr'><strong>haudquaquam</strong></span> <span class='ocrx_word' id='word_1_285' title='bbox 1803 1252 1971 1334; x_wconf 83' lang='lat' dir='ltr'><strong>integrum</strong></span> <span class='ocrx_word' id='word_1_286' title='bbox 1992 1270 2064 1316; x_wconf 87' lang='lat' dir='ltr'><strong>esse</strong></span> <span class='ocrx_word' id='word_1_287' title='bbox 2085 1261 2209 1333; x_wconf 90' lang='lat' dir='ltr'><strong>putem.</strong></span> <span class='ocrx_word' id='word_1_288' title='bbox 2318 1297 2326 1313; x_wconf 88' lang='lat'><strong>.</strong></span> 
     </span>
    </p>

    <p class='ocr_par' dir='ltr' id='par_1_13' title="bbox 1319 1336 2303 3137">
     <span class='ocr_line' id='line_1_46' title="bbox 1405 1336 2298 1421; baseline -0.002 -19"><span class='ocrx_word' id='word_1_289' title='bbox 1405 1337 1591 1415; x_wconf 76' lang='lat' dir='ltr'><strong>(laetorum,</strong></span> <span class='ocrx_word' id='word_1_290' title='bbox 1620 1338 1696 1420; x_wconf 88' lang='lat' dir='ltr'><strong>quia</strong></span> <span class='ocrx_word' id='word_1_291' title='bbox 1730 1358 1790 1400; x_wconf 92' lang='lat' dir='ltr'><strong>nos</strong></span> <span class='ocrx_word' id='word_1_292' title='bbox 1820 1358 1840 1400; x_wconf 92' lang='lat' dir='ltr'><strong>a</strong></span> <span class='ocrx_word' id='word_1_293' title='bbox 1868 1336 2071 1402; x_wconf 87' lang='lat' dir='ltr'><strong>confessione</strong></span> <span class='ocrx_word' id='word_1_294' title='bbox 2098 1339 2298 1421; x_wconf 85' lang='lat' dir='ltr'><strong>Augustana</strong></span> 
     </span>
     <span class='ocr_line' id='line_1_47' title="bbox 1320 1421 2298 1504; baseline -0.001 -16"><span class='ocrx_word' id='word_1_295' title='bbox 1320 1424 1493 1490; x_wconf 88' lang='lat' dir='ltr'><strong>dissentire</strong></span> <span class='ocrx_word' id='word_1_296' title='bbox 1521 1425 1675 1500; x_wconf 86' lang='lat' dir='ltr'><strong>affirmas,</strong></span> <span class='ocrx_word' id='word_1_297' title='bbox 1704 1431 1737 1487; x_wconf 92' lang='lat' dir='ltr'><strong>et</strong></span> <span class='ocrx_word' id='word_1_298' title='bbox 1765 1424 1826 1488; x_wconf 93' lang='lat' dir='ltr'><strong>hoe</strong></span> <span class='ocrx_word' id='word_1_299' title='bbox 1850 1435 1906 1487; x_wconf 89' lang='lat' dir='ltr'><strong>tuo</strong></span> <span class='ocrx_word' id='word_1_300' title='bbox 1936 1421 2136 1504; x_wconf 88' lang='lat' dir='ltr'><strong>praeiudicio</strong></span> <span class='ocrx_word' id='word_1_301' title='bbox 2163 1443 2298 1488; x_wconf 86' lang='lat' dir='ltr'><strong>caueam</strong></span> 
     </span>
     <span class='ocr_line' id='line_1_48' title="bbox 1319 1508 2300 1592; baseline -0.003 -18"><span class='ocrx_word' id='word_1_302' title='bbox 1319 1509 1730 1575; x_wconf 88' lang='lat' dir='ltr'><strong>nostrarumecclesiarum</strong></span> <span class='ocrx_word' id='word_1_303' title='bbox 1751 1529 1817 1573; x_wconf 90' lang='lat' dir='ltr'><strong>nou</strong></span> <span class='ocrx_word' id='word_1_304' title='bbox 1840 1508 1956 1573; x_wconf 86' lang='lat' dir='ltr'><strong>leviter</strong></span> <span class='ocrx_word' id='word_1_305' title='bbox 1967 1529 2095 1592; x_wconf 80' lang='lat' dir='ltr'><strong>gravas,</strong></span> <span class='ocrx_word' id='word_1_306' title='bbox 2118 1508 2300 1590; x_wconf 89' lang='lat' dir='ltr'><strong>etquidem</strong></span> 
     </span>
     <span class='ocr_line' id='line_1_49' title="bbox 1320 1593 2300 1678; baseline -0.002 -18"><span class='ocrx_word' id='word_1_307' title='bbox 1320 1604 1452 1678; x_wconf 89' lang='lat' dir='ltr'><strong>praeter</strong></span> <span class='ocrx_word' id='word_1_308' title='bbox 1475 1616 1573 1659; x_wconf 91' lang='lat' dir='ltr'><strong>omne</strong></span> <span class='ocrx_word' id='word_1_309' title='bbox 1606 1606 1756 1660; x_wconf 90' lang='lat' dir='ltr'><strong>nostrum</strong></span> <span class='ocrx_word' id='word_1_310' title='bbox 1777 1593 1933 1659; x_wconf 90' lang='lat' dir='ltr'><strong>meritum</strong></span> <span class='ocrx_word' id='word_1_311' title='bbox 1956 1604 1993 1658; x_wconf 93' lang='lat' dir='ltr'><strong>ut</strong></span> <span class='ocrx_word' id='word_1_312' title='bbox 2014 1615 2195 1677; x_wconf 87' lang='lat' dir='ltr'><strong>speramus,</strong></span> <span class='ocrx_word' id='word_1_313' title='bbox 2217 1605 2300 1676; x_wconf 89' lang='lat' dir='ltr'><strong>puto</strong></span> 
     </span>
     <span class='ocr_line' id='line_1_50' title="bbox 1321 1679 2299 1764; baseline -0.003 -18"><span class='ocrx_word' id='word_1_314' title='bbox 1321 1681 1483 1764; x_wconf 90' lang='lat' dir='ltr'><strong>equidem,</strong></span> <span class='ocrx_word' id='word_1_315' title='bbox 1506 1692 1539 1745; x_wconf 89' lang='lat' dir='ltr'><strong>et</strong></span> <span class='ocrx_word' id='word_1_316' title='bbox 1560 1701 1762 1762; x_wconf 90' lang='lat' dir='ltr'><strong>meaequum</strong></span> <span class='ocrx_word' id='word_1_317' title='bbox 1781 1679 1838 1745; x_wconf 84' lang='lat' dir='ltr'><strong>abs</strong></span> <span class='ocrx_word' id='word_1_318' title='bbox 1860 1690 1891 1743; x_wconf 92' lang='lat' dir='ltr'><strong>te</strong></span> <span class='ocrx_word' id='word_1_319' title='bbox 1904 1680 2078 1762; x_wconf 87' lang='lat' dir='ltr'><strong>postulare,</strong></span> <span class='ocrx_word' id='word_1_320' title='bbox 2097 1691 2130 1744; x_wconf 91' lang='lat' dir='ltr'><strong>et</strong></span> <span class='ocrx_word' id='word_1_321' title='bbox 2153 1680 2299 1745; x_wconf 88' lang='lat' dir='ltr'><strong>teetiam</strong></span> 
     </span>
     <span class='ocr_line' id='line_1_51' title="bbox 1321 1765 2301 1848; baseline -0.004 -16"><span class='ocrx_word' id='word_1_322' title='bbox 1321 1766 1355 1832; x_wconf 92' lang='lat' dir='ltr'><strong>id</strong></span> <span class='ocrx_word' id='word_1_323' title='bbox 1387 1788 1548 1842; x_wconf 83' lang='lat' dir='ltr'><strong>recusare,</strong></span> <span class='ocrx_word' id='word_1_324' title='bbox 1575 1788 1647 1830; x_wconf 91' lang='lat' dir='ltr'><strong>meo</strong></span> <span class='ocrx_word' id='word_1_325' title='bbox 1676 1766 1807 1848; x_wconf 91' lang='lat' dir='ltr'><strong>quidem</strong></span> <span class='ocrx_word' id='word_1_326' title='bbox 1835 1766 1965 1843; x_wconf 90' lang='lat' dir='ltr'><strong>iudicio,</strong></span> <span class='ocrx_word' id='word_1_327' title='bbox 2001 1788 2067 1831; x_wconf 90' lang='lat' dir='ltr'><strong>non</strong></span> <span class='ocrx_word' id='word_1_328' title='bbox 2100 1765 2229 1841; x_wconf 89' lang='lat' dir='ltr'><strong>debere,</strong></span> <span class='ocrx_word' id='word_1_329' title='bbox 2260 1773 2301 1829; x_wconf 90' lang='lat' dir='ltr'><strong>ut</strong></span> 
     </span>
     <span class='ocr_line' id='line_1_52' title="bbox 1323 1852 2300 1935; baseline -0.003 -18"><span class='ocrx_word' id='word_1_330' title='bbox 1323 1854 1418 1919; x_wconf 88' lang='lat' dir='ltr'><strong>nobis</strong></span> <span class='ocrx_word' id='word_1_331' title='bbox 1458 1852 1651 1935; x_wconf 82' lang='lat' dir='ltr'><strong>praeiudicii</strong></span> <span class='ocrx_word' id='word_1_332' title='bbox 1673 1852 1768 1917; x_wconf 89' lang='lat' dir='ltr'><strong>istius</strong></span> <span class='ocrx_word' id='word_1_333' title='bbox 1798 1852 1903 1917; x_wconf 82' lang='lat' dir='ltr'><strong>fontes</strong></span> <span class='ocrx_word' id='word_1_334' title='bbox 1935 1853 1970 1915; x_wconf 90' lang='lat' dir='ltr'><strong>in</strong></span> <span class='ocrx_word' id='word_1_335' title='bbox 1999 1854 2070 1934; x_wconf 90' lang='lat' dir='ltr'><strong>ipsa</strong></span> <span class='ocrx_word' id='word_1_336' title='bbox 2099 1854 2300 1934; x_wconf 83' lang='lat' dir='ltr'><strong>Augustana</strong></span> 
     </span>
     <span class='ocr_line' id='line_1_53' title="bbox 1322 1937 2302 2020; baseline -0.005 -15"><span class='ocrx_word' id='word_1_337' title='bbox 1322 1940 1522 2005; x_wconf 86' lang='lat' dir='ltr'><strong>confessione</strong></span> <span class='ocrx_word' id='word_1_338' title='bbox 1545 1946 1722 2003; x_wconf 86' lang='lat' dir='ltr'><strong>monstres:</strong></span> <span class='ocrx_word' id='word_1_339' title='bbox 1750 1937 1903 2003; x_wconf 86' lang='lat' dir='ltr'><strong>indicatis</strong></span> <span class='ocrx_word' id='word_1_340' title='bbox 1932 1938 2125 2020; x_wconf 89' lang='lat' dir='ltr'><strong>praesertim</strong></span> <span class='ocrx_word' id='word_1_341' title='bbox 2155 1937 2235 2002; x_wconf 91' lang='lat' dir='ltr'><strong>locis</strong></span> <span class='ocrx_word' id='word_1_342' title='bbox 2265 1938 2302 2000; x_wconf 91' lang='lat' dir='ltr'><strong>in</strong></span> 
     </span>
     <span class='ocr_line' id='line_1_54' title="bbox 1322 2022 2302 2108; baseline -0.004 -19"><span class='ocrx_word' id='word_1_343' title='bbox 1322 2027 1394 2108; x_wconf 87' lang='lat' dir='ltr'><strong>ipsa</strong></span> <span class='ocrx_word' id='word_1_344' title='bbox 1422 2025 1632 2090; x_wconf 89' lang='lat' dir='ltr'><strong>confessione.</strong></span> <span class='ocrx_word' id='word_1_345' title='bbox 1682 2023 1733 2087; x_wconf 90' lang='lat' dir='ltr'><strong>Ne</strong></span> <span class='ocrx_word' id='word_1_346' title='bbox 1763 2032 1873 2089; x_wconf 88' lang='lat' dir='ltr'><strong>autem</strong></span> <span class='ocrx_word' id='word_1_347' title='bbox 1899 2022 2002 2088; x_wconf 80' lang='lat' dir='ltr'><strong>verba</strong></span> <span class='ocrx_word' id='word_1_348' title='bbox 2019 2024 2233 2088; x_wconf 85' lang='lat' dir='ltr'><strong>confessionis</strong></span> <span class='ocrx_word' id='word_1_349' title='bbox 2250 2022 2302 2104; x_wconf 94' lang='lat' dir='ltr'><strong>ip-</strong></span> 
     </span>
     <span class='ocr_line' id='line_1_55' title="bbox 1323 2107 2302 2193; baseline -0.005 -16"><span class='ocrx_word' id='word_1_350' title='bbox 1323 2112 1392 2177; x_wconf 89' lang='lat' dir='ltr'><strong>sius</strong></span> <span class='ocrx_word' id='word_1_351' title='bbox 1414 2110 1599 2193; x_wconf 87' lang='lat' dir='ltr'><strong>detorqueri</strong></span> <span class='ocrx_word' id='word_1_352' title='bbox 1622 2109 1753 2173; x_wconf 89' lang='lat' dir='ltr'><strong>anobis</strong></span> <span class='ocrx_word' id='word_1_353' title='bbox 1776 2109 1815 2173; x_wconf 88' lang='lat' dir='ltr'><strong>ad</strong></span> <span class='ocrx_word' id='word_1_354' title='bbox 1839 2129 1972 2174; x_wconf 88' lang='lat' dir='ltr'><strong>causam</strong></span> <span class='ocrx_word' id='word_1_355' title='bbox 1993 2118 2142 2174; x_wconf 89' lang='lat' dir='ltr'><strong>nostram</strong></span> <span class='ocrx_word' id='word_1_356' title='bbox 2165 2107 2302 2174; x_wconf 86' lang='lat' dir='ltr'><strong>videan-</strong></span> 
     </span>
     <span class='ocr_line' id='line_1_56' title="bbox 1324 2195 2303 2278; baseline -0.004 -17"><span class='ocrx_word' id='word_1_357' title='bbox 1324 2207 1388 2276; x_wconf 90' lang='lat' dir='ltr'><strong>tur,</strong></span> <span class='ocrx_word' id='word_1_358' title='bbox 1415 2195 1593 2261; x_wconf 90' lang='lat' dir='ltr'><strong>adiecimus</strong></span> <span class='ocrx_word' id='word_1_359' title='bbox 1623 2204 1656 2260; x_wconf 92' lang='lat' dir='ltr'><strong>et</strong></span> <span class='ocrx_word' id='word_1_360' title='bbox 1683 2196 1864 2278; x_wconf 84' lang='lat' dir='ltr'><strong>Apologiae</strong></span> <span class='ocrx_word' id='word_1_361' title='bbox 1895 2197 1998 2278; x_wconf 88' lang='lat' dir='ltr'><strong>ipsius</strong></span> <span class='ocrx_word' id='word_1_362' title='bbox 2027 2195 2241 2261; x_wconf 86' lang='lat' dir='ltr'><strong>confessionis</strong></span> <span class='ocrx_word' id='word_1_363' title='bbox 2269 2207 2303 2258; x_wconf 92' lang='lat' dir='ltr'><strong>et</strong></span> 
     </span>
     <span class='ocr_line' id='line_1_57' title="bbox 1324 2279 2303 2366; baseline -0.003 -19"><span class='ocrx_word' id='word_1_364' title='bbox 1324 2282 1575 2366; x_wconf 89' lang='lat' dir='ltr'><strong>Ratisponensis</strong></span> <span class='ocrx_word' id='word_1_365' title='bbox 1604 2280 1754 2363; x_wconf 81' lang='lat' dir='ltr'><strong>colloquii</strong></span> <span class='ocrx_word' id='word_1_366' title='bbox 1783 2289 1865 2358; x_wconf 81' lang='lat' dir='ltr'><strong>aeta,</strong></span> <span class='ocrx_word' id='word_1_367' title='bbox 1894 2280 2069 2363; x_wconf 89' lang='lat' dir='ltr'><strong>inquibus</strong></span> <span class='ocrx_word' id='word_1_368' title='bbox 2091 2279 2208 2344; x_wconf 89' lang='lat' dir='ltr'><strong>iisdem</strong></span> <span class='ocrx_word' id='word_1_369' title='bbox 2231 2281 2303 2344; x_wconf 89' lang='lat' dir='ltr'><strong>Au·</strong></span> 
     </span>
     <span class='ocr_line' id='line_1_58' title="bbox 1324 2365 2302 2452; baseline -0.004 -19"><span class='ocrx_word' id='word_1_370' title='bbox 1324 2376 1484 2452; x_wconf 81' lang='lat' dir='ltr'><strong>gustanae</strong></span> <span class='ocrx_word' id='word_1_371' title='bbox 1513 2368 1722 2432; x_wconf 88' lang='lat' dir='ltr'><strong>confessionis</strong></span> <span class='ocrx_word' id='word_1_372' title='bbox 1751 2367 1930 2445; x_wconf 89' lang='lat' dir='ltr'><strong>autoribus,</strong></span> <span class='ocrx_word' id='word_1_373' title='bbox 1953 2366 2102 2432; x_wconf 87' lang='lat' dir='ltr'><strong>doctrina</strong></span> <span class='ocrx_word' id='word_1_374' title='bbox 2123 2365 2302 2432; x_wconf 88' lang='lat' dir='ltr'><strong>confessio·</strong></span> 
     </span>
     <span class='ocr_line' id='line_1_59' title="bbox 1325 2452 2303 2536; baseline -0.001 -19"><span class='ocrx_word' id='word_1_375' title='bbox 1325 2457 1377 2519; x_wconf 89' lang='lat' dir='ltr'><strong>nis</strong></span> <span class='ocrx_word' id='word_1_376' title='bbox 1398 2453 1503 2536; x_wconf 87' lang='lat' dir='ltr'><strong>ipsius</strong></span> <span class='ocrx_word' id='word_1_377' title='bbox 1521 2453 1704 2535; x_wconf 89' lang='lat' dir='ltr'><strong>explicatur</strong></span> <span class='ocrx_word' id='word_1_378' title='bbox 1726 2462 1760 2517; x_wconf 89' lang='lat' dir='ltr'><strong>et</strong></span> <span class='ocrx_word' id='word_1_379' title='bbox 1780 2452 2019 2535; x_wconf 84' lang='lat' dir='ltr'><strong>comprobatur,</strong></span> <span class='ocrx_word' id='word_1_380' title='bbox 2042 2461 2078 2517; x_wconf 90' lang='lat' dir='ltr'><strong>ut</strong></span> <span class='ocrx_word' id='word_1_381' title='bbox 2095 2452 2188 2518; x_wconf 90' lang='lat' dir='ltr'><strong>illinc</strong></span> <span class='ocrx_word' id='word_1_382' title='bbox 2210 2452 2303 2517; x_wconf 90' lang='lat' dir='ltr'><strong>nobis</strong></span> 
     </span>
     <span class='ocr_line' id='line_1_60' title="bbox 1323 2538 2303 2622; baseline -0.002 -19"><span class='ocrx_word' id='word_1_383' title='bbox 1323 2540 1430 2605; x_wconf 88' lang='lat' dir='ltr'><strong>fontes</strong></span> <span class='ocrx_word' id='word_1_384' title='bbox 1458 2539 1650 2622; x_wconf 90' lang='lat' dir='ltr'><strong>praeiudicii</strong></span> <span class='ocrx_word' id='word_1_385' title='bbox 1683 2539 1733 2603; x_wconf 90' lang='lat' dir='ltr'><strong>tui</strong></span> <span class='ocrx_word' id='word_1_386' title='bbox 1761 2551 2069 2604; x_wconf 78' lang='lat' dir='ltr'><strong>commonstrantur.</strong></span> <span class='ocrx_word' id='word_1_387' title='bbox 2120 2538 2194 2603; x_wconf 92' lang='lat' dir='ltr'><strong>Hoc</strong></span> <span class='ocrx_word' id='word_1_388' title='bbox 2223 2557 2303 2602; x_wconf 89' lang='lat' dir='ltr'><strong>vcro</strong></span> 
     </span>
     <span class='ocr_line' id='line_1_61' title="bbox 1324 2622 2302 2699; baseline -0.002 -10"><span class='ocrx_word' id='word_1_389' title='bbox 1324 2645 1390 2689; x_wconf 92' lang='lat' dir='ltr'><strong>non</strong></span> <span class='ocrx_word' id='word_1_390' title='bbox 1408 2635 1460 2690; x_wconf 89' lang='lat' dir='ltr'><strong>est</strong></span> <span class='ocrx_word' id='word_1_391' title='bbox 1480 2626 1515 2689; x_wconf 92' lang='lat' dir='ltr'><strong>in</strong></span> <span class='ocrx_word' id='word_1_392' title='bbox 1528 2634 1694 2690; x_wconf 89' lang='lat' dir='ltr'><strong>certamen</strong></span> <span class='ocrx_word' id='word_1_393' title='bbox 1716 2634 1774 2688; x_wconf 91' lang='lat' dir='ltr'><strong>aut</strong></span> <span class='ocrx_word' id='word_1_394' title='bbox 1792 2645 1908 2691; x_wconf 89' lang='lat' dir='ltr'><strong>vocare</strong></span> <span class='ocrx_word' id='word_1_395' title='bbox 1926 2622 2192 2690; x_wconf 80' lang='lat' dir='ltr'><strong>aut&#39;deseendere</strong></span> <span class='ocrx_word' id='word_1_396' title='bbox 2209 2623 2302 2699; x_wconf 89' lang='lat' dir='ltr'><strong>velle,</strong></span> 
     </span>
     <span class='ocr_line' id='line_1_62' title="bbox 1323 2711 2300 2793; baseline -0.002 -17"><span class='ocrx_word' id='word_1_397' title='bbox 1323 2711 1381 2777; x_wconf 89' lang='lat' dir='ltr'><strong>sed</strong></span> <span class='ocrx_word' id='word_1_398' title='bbox 1423 2723 1573 2776; x_wconf 87' lang='lat' dir='ltr'><strong>nostram</strong></span> <span class='ocrx_word' id='word_1_399' title='bbox 1612 2712 1843 2789; x_wconf 89' lang='lat' dir='ltr'><strong>innocentiam,</strong></span> <span class='ocrx_word' id='word_1_400' title='bbox 1874 2732 1939 2793; x_wconf 90' lang='lat' dir='ltr'><strong>qua</strong></span> <span class='ocrx_word' id='word_1_401' title='bbox 1971 2722 2065 2793; x_wconf 87' lang='lat' dir='ltr'><strong>parte</strong></span> <span class='ocrx_word' id='word_1_402' title='bbox 2098 2730 2300 2785; x_wconf 88' lang='lat' dir='ltr'><strong>accusamur,</strong></span> 
     </span>
     <span class='ocr_line' id='line_1_63' title="bbox 1323 2794 2301 2881; baseline -0.002 -20"><span class='ocrx_word' id='word_1_403' title='bbox 1323 2796 1512 2879; x_wconf 88' lang='lat' dir='ltr'><strong>approbare,</strong></span> <span class='ocrx_word' id='word_1_404' title='bbox 1541 2796 1662 2880; x_wconf 86' lang='lat' dir='ltr'><strong>alioqui</strong></span> <span class='ocrx_word' id='word_1_405' title='bbox 1684 2797 1712 2862; x_wconf 89' lang='lat' dir='ltr'><strong>si</strong></span> <span class='ocrx_word' id='word_1_406' title='bbox 1731 2797 1898 2881; x_wconf 83' lang='lat' dir='ltr'><strong>integrum</strong></span> <span class='ocrx_word' id='word_1_407' title='bbox 1916 2796 2047 2862; x_wconf 86' lang='lat' dir='ltr'><strong>videtur</strong></span> <span class='ocrx_word' id='word_1_408' title='bbox 2067 2794 2301 2879; x_wconf 88' lang='lat' dir='ltr'><strong>praeiudicare,</strong></span> 
     </span>
     <span class='ocr_line' id='line_1_64' title="bbox 1323 2882 2301 2967; baseline -0.001 -21"><span class='ocrx_word' id='word_1_409' title='bbox 1323 2884 1492 2967; x_wconf 84' lang='lat' dir='ltr'><strong>integrum</strong></span> <span class='ocrx_word' id='word_1_410' title='bbox 1511 2904 1639 2966; x_wconf 91' lang='lat' dir='ltr'><strong>quoque</strong></span> <span class='ocrx_word' id='word_1_411' title='bbox 1651 2883 1755 2949; x_wconf 81' lang='lat' dir='ltr'><strong>videri</strong></span> <span class='ocrx_word' id='word_1_412' title='bbox 1768 2883 1909 2960; x_wconf 91' lang='lat' dir='ltr'><strong>deberet,</strong></span> <span class='ocrx_word' id='word_1_413' title='bbox 1928 2894 1966 2947; x_wconf 91' lang='lat' dir='ltr'><strong>nt</strong></span> <span class='ocrx_word' id='word_1_414' title='bbox 1983 2903 2044 2967; x_wconf 85' lang='lat' dir='ltr'><strong>ego</strong></span> <span class='ocrx_word' id='word_1_415' title='bbox 2055 2882 2189 2965; x_wconf 90' lang='lat' dir='ltr'><strong>quidem</strong></span> <span class='ocrx_word' id='word_1_416' title='bbox 2211 2891 2301 2965; x_wconf 91' lang='lat' dir='ltr'><strong>puto,</strong></span> 
     </span>
     <span class='ocr_line' id='line_1_65' title="bbox 1323 2967 2301 3052; baseline 0 -20"><span class='ocrx_word' id='word_1_417' title='bbox 1323 2968 1432 3034; x_wconf 84' lang='lat' dir='ltr'><strong>fontes</strong></span> <span class='ocrx_word' id='word_1_418' title='bbox 1459 2968 1651 3052; x_wconf 90' lang='lat' dir='ltr'><strong>praeiudicii</strong></span> <span class='ocrx_word' id='word_1_419' title='bbox 1682 2970 1940 3048; x_wconf 86' lang='lat' dir='ltr'><strong>commonstrari,</strong></span> <span class='ocrx_word' id='word_1_420' title='bbox 1974 2967 2169 3051; x_wconf 87' lang='lat' dir='ltr'><strong>praesertim</strong></span> <span class='ocrx_word' id='word_1_421' title='bbox 2202 2987 2301 3051; x_wconf 90' lang='lat' dir='ltr'><strong>quum</strong></span> 
     </span>
     <span class='ocr_line' id='line_1_66' title="bbox 1323 3053 1709 3137; baseline -0.003 -18"><span class='ocrx_word' id='word_1_422' title='bbox 1323 3053 1358 3119; x_wconf 92' lang='lat' dir='ltr'><strong>id</strong></span> <span class='ocrx_word' id='word_1_423' title='bbox 1380 3063 1529 3120; x_wconf 88' lang='lat' dir='ltr'><strong>amanter</strong></span> <span class='ocrx_word' id='word_1_424' title='bbox 1549 3065 1709 3137; x_wconf 85' lang='lat' dir='ltr'><strong>petamus.</strong></span> 
     </span>
    </p>

    <p class='ocr_par' dir='ltr' id='par_1_14' title="bbox 1324 3138 2303 4083">
     <span class='ocr_line' id='line_1_67' title="bbox 1418 3138 2303 3224; baseline 0 -20"><span class='ocrx_word' id='word_1_425' title='bbox 1418 3138 1515 3220; x_wconf 81' lang='lat' dir='ltr'><strong>Quod</strong></span> <span class='ocrx_word' id='word_1_426' title='bbox 1530 3162 1628 3223; x_wconf 91' lang='lat' dir='ltr'><strong>porro</strong></span> <span class='ocrx_word' id='word_1_427' title='bbox 1650 3140 1691 3205; x_wconf 90' lang='lat' dir='ltr'><strong>ad</strong></span> <span class='ocrx_word' id='word_1_428' title='bbox 1711 3140 1866 3224; x_wconf 77' lang='lat' dir='ltr'><strong>dogmata</strong></span> <span class='ocrx_word' id='word_1_429' title='bbox 1886 3141 1944 3205; x_wconf 89' lang='lat' dir='ltr'><strong>illa</strong></span> <span class='ocrx_word' id='word_1_430' title='bbox 1965 3160 2108 3223; x_wconf 84' lang='lat' dir='ltr'><strong>perine,</strong></span> <span class='ocrx_word' id='word_1_431' title='bbox 2132 3147 2171 3204; x_wconf 91' lang='lat' dir='ltr'><strong>ut</strong></span> <span class='ocrx_word' id='word_1_432' title='bbox 2191 3161 2303 3205; x_wconf 88' lang='lat' dir='ltr'><strong>eorum</strong></span> 
     </span>
     <span class='ocr_line' id='line_1_68' title="bbox 1330 3225 2301 3310; baseline 0 -20"><span class='ocrx_word' id='word_1_433' title='bbox 1330 3225 1462 3310; x_wconf 92' lang='lat' dir='ltr'><strong>quidem</strong></span> <span class='ocrx_word' id='word_1_434' title='bbox 1481 3227 1627 3304; x_wconf 87' lang='lat' dir='ltr'><strong>memini,</strong></span> <span class='ocrx_word' id='word_1_435' title='bbox 1649 3226 1785 3292; x_wconf 87' lang='lat' dir='ltr'><strong>collecta</strong></span> <span class='ocrx_word' id='word_1_436' title='bbox 1801 3228 1929 3305; x_wconf 85' lang='lat' dir='ltr'><strong>attinet,</strong></span> <span class='ocrx_word' id='word_1_437' title='bbox 1951 3247 2022 3310; x_wconf 83' lang='lat' dir='ltr'><strong>ego,</strong></span> <span class='ocrx_word' id='word_1_438' title='bbox 2042 3226 2096 3291; x_wconf 84' lang='lat' dir='ltr'><strong>vir</strong></span> <span class='ocrx_word' id='word_1_439' title='bbox 2112 3226 2301 3303; x_wconf 87' lang='lat' dir='ltr'><strong>clarissime,</strong></span> 
     </span>
     <span class='ocr_line' id='line_1_69' title="bbox 1328 3311 2302 3396; baseline -0.001 -20"><span class='ocrx_word' id='word_1_440' title='bbox 1328 3312 1453 3377; x_wconf 89' lang='lat' dir='ltr'><strong>nullam</strong></span> <span class='ocrx_word' id='word_1_441' title='bbox 1475 3333 1590 3377; x_wconf 92' lang='lat' dir='ltr'><strong>eorum</strong></span> <span class='ocrx_word' id='word_1_442' title='bbox 1611 3312 1665 3378; x_wconf 84' lang='lat' dir='ltr'><strong>vel</strong></span> <span class='ocrx_word' id='word_1_443' title='bbox 1688 3312 1937 3396; x_wconf 87' lang='lat' dir='ltr'><strong>explicationem</strong></span> <span class='ocrx_word' id='word_1_444' title='bbox 1960 3311 2013 3377; x_wconf 87' lang='lat' dir='ltr'><strong>vel</strong></span> <span class='ocrx_word' id='word_1_445' title='bbox 2035 3312 2302 3395; x_wconf 87' lang='lat' dir='ltr'><strong>approbationem</strong></span> 
     </span>
     <span class='ocr_line' id='line_1_70' title="bbox 1324 3395 2302 3486; baseline -0.003 -22"><span class='ocrx_word' id='word_1_446' title='bbox 1324 3399 1545 3486; x_wconf 83' lang='lat' dir='ltr'><strong>postulabam:</strong></span> <span class='ocrx_word' id='word_1_447' title='bbox 1567 3395 1625 3462; x_wconf 89' lang='lat' dir='ltr'><strong>sed</strong></span> <span class='ocrx_word' id='word_1_448' title='bbox 1647 3400 1730 3464; x_wconf 90' lang='lat' dir='ltr'><strong>scire</strong></span> <span class='ocrx_word' id='word_1_449' title='bbox 1752 3398 1913 3464; x_wconf 85' lang='lat' dir='ltr'><strong>duntaxat</strong></span> <span class='ocrx_word' id='word_1_450' title='bbox 1933 3398 2105 3483; x_wconf 88' lang='lat' dir='ltr'><strong>cupiebam</strong></span> <span class='ocrx_word' id='word_1_451' title='bbox 2127 3419 2211 3462; x_wconf 90' lang='lat' dir='ltr'><strong>uum</strong></span> <span class='ocrx_word' id='word_1_452' title='bbox 2232 3396 2302 3462; x_wconf 90' lang='lat' dir='ltr'><strong>illo-</strong></span> 
     </span>
     <span class='ocr_line' id='line_1_71' title="bbox 1326 3483 2302 3568; baseline -0.002 -18"><span class='ocrx_word' id='word_1_453' title='bbox 1326 3505 1399 3549; x_wconf 89' lang='lat' dir='ltr'><strong>rum</strong></span> <span class='ocrx_word' id='word_1_454' title='bbox 1421 3492 1508 3550; x_wconf 90' lang='lat' dir='ltr'><strong>recte</strong></span> <span class='ocrx_word' id='word_1_455' title='bbox 1531 3485 1751 3563; x_wconf 89' lang='lat' dir='ltr'><strong>meminerim,</strong></span> <span class='ocrx_word' id='word_1_456' title='bbox 1780 3506 1823 3548; x_wconf 90' lang='lat' dir='ltr'><strong>nc</strong></span> <span class='ocrx_word' id='word_1_457' title='bbox 1844 3484 1923 3568; x_wconf 92' lang='lat' dir='ltr'><strong>quid</strong></span> <span class='ocrx_word' id='word_1_458' title='bbox 1943 3505 2011 3549; x_wconf 89' lang='lat' dir='ltr'><strong>non</strong></span> <span class='ocrx_word' id='word_1_459' title='bbox 2032 3493 2122 3549; x_wconf 91' lang='lat' dir='ltr'><strong>recte</strong></span> <span class='ocrx_word' id='word_1_460' title='bbox 2148 3483 2236 3548; x_wconf 83' lang='lat' dir='ltr'><strong>ferte</strong></span> <span class='ocrx_word' id='word_1_461' title='bbox 2256 3484 2302 3548; x_wconf 88' lang='lat' dir='ltr'><strong>in-</strong></span> 
     </span>
     <span class='ocr_line' id='line_1_72' title="bbox 1326 3568 2302 3648; baseline -0.002 -13"><span class='ocrx_word' id='word_1_462' title='bbox 1326 3571 1525 3636; x_wconf 89' lang='lat' dir='ltr'><strong>tellexerim:</strong></span> <span class='ocrx_word' id='word_1_463' title='bbox 1556 3571 1628 3635; x_wconf 89' lang='lat' dir='ltr'><strong>visa</strong></span> <span class='ocrx_word' id='word_1_464' title='bbox 1649 3570 1737 3635; x_wconf 90' lang='lat' dir='ltr'><strong>enim</strong></span> <span class='ocrx_word' id='word_1_465' title='bbox 1759 3587 1846 3648; x_wconf 91' lang='lat' dir='ltr'><strong>sunt,</strong></span> <span class='ocrx_word' id='word_1_466' title='bbox 1868 3580 1907 3635; x_wconf 91' lang='lat' dir='ltr'><strong>nt</strong></span> <span class='ocrx_word' id='word_1_467' title='bbox 1929 3568 2007 3648; x_wconf 89' lang='lat' dir='ltr'><strong>dixi,</strong></span> <span class='ocrx_word' id='word_1_468' title='bbox 2029 3589 2116 3635; x_wconf 87' lang='lat' dir='ltr'><strong>nova</strong></span> <span class='ocrx_word' id='word_1_469' title='bbox 2137 3570 2237 3634; x_wconf 89' lang='lat' dir='ltr'><strong>mihi:</strong></span> <span class='ocrx_word' id='word_1_470' title='bbox 2267 3590 2302 3633; x_wconf 90' lang='lat' dir='ltr'><strong>ac</strong></span> 
     </span>
     <span class='ocr_line' id='line_1_73' title="bbox 1327 3656 2303 3738; baseline 0 -19"><span class='ocrx_word' id='word_1_471' title='bbox 1327 3656 1459 3721; x_wconf 90' lang='lat' dir='ltr'><strong>illorum</strong></span> <span class='ocrx_word' id='word_1_472' title='bbox 1489 3658 1682 3721; x_wconf 88' lang='lat' dir='ltr'><strong>memoriam</strong></span> <span class='ocrx_word' id='word_1_473' title='bbox 1712 3667 1875 3738; x_wconf 87' lang='lat' dir='ltr'><strong>optassem</strong></span> <span class='ocrx_word' id='word_1_474' title='bbox 1904 3677 1957 3720; x_wconf 89' lang='lat' dir='ltr'><strong>mc</strong></span> <span class='ocrx_word' id='word_1_475' title='bbox 1983 3656 2105 3721; x_wconf 88' lang='lat' dir='ltr'><strong>habere</strong></span> <span class='ocrx_word' id='word_1_476' title='bbox 2134 3656 2172 3719; x_wconf 91' lang='lat' dir='ltr'><strong>in</strong></span> <span class='ocrx_word' id='word_1_477' title='bbox 2199 3656 2303 3738; x_wconf 88' lang='lat' dir='ltr'><strong>capita</strong></span> 
     </span>
     <span class='ocr_line' id='line_1_74' title="bbox 1328 3740 2302 3826; baseline 0 -21"><span class='ocrx_word' id='word_1_478' title='bbox 1328 3741 1490 3806; x_wconf 88' lang='lat' dir='ltr'><strong>duntaxat</strong></span> <span class='ocrx_word' id='word_1_479' title='bbox 1512 3742 1687 3807; x_wconf 88' lang='lat' dir='ltr'><strong>redactam.</strong></span> <span class='ocrx_word' id='word_1_480' title='bbox 1722 3742 1819 3823; x_wconf 79' lang='lat' dir='ltr'><strong>Quod</strong></span> <span class='ocrx_word' id='word_1_481' title='bbox 1837 3740 1987 3826; x_wconf 91' lang='lat' dir='ltr'><strong>equidem</strong></span> <span class='ocrx_word' id='word_1_482' title='bbox 2006 3741 2101 3808; x_wconf 82' lang='lat' dir='ltr'><strong>facile</strong></span> <span class='ocrx_word' id='word_1_483' title='bbox 2118 3742 2191 3806; x_wconf 88' lang='lat' dir='ltr'><strong>fieri</strong></span> <span class='ocrx_word' id='word_1_484' title='bbox 2210 3761 2302 3824; x_wconf 82' lang='lat' dir='ltr'><strong>posse</strong></span> 
     </span>
     <span class='ocr_line' id='line_1_75' title="bbox 1328 3824 2302 3911; baseline -0.005 -18"><span class='ocrx_word' id='word_1_485' title='bbox 1328 3828 1552 3893; x_wconf 87' lang='lat' dir='ltr'><strong>existimarem</strong></span> <span class='ocrx_word' id='word_1_486' title='bbox 1592 3829 1663 3894; x_wconf 91' lang='lat' dir='ltr'><strong>sine</strong></span> <span class='ocrx_word' id='word_1_487' title='bbox 1702 3829 1817 3894; x_wconf 89' lang='lat' dir='ltr'><strong>multis</strong></span> <span class='ocrx_word' id='word_1_488' title='bbox 1850 3829 1903 3894; x_wconf 86' lang='lat' dir='ltr'><strong>vel</strong></span> <span class='ocrx_word' id='word_1_489' title='bbox 1942 3828 2220 3911; x_wconf 89' lang='lat' dir='ltr'><strong>explicationibus</strong></span> <span class='ocrx_word' id='word_1_490' title='bbox 2253 3824 2302 3890; x_wconf 85' lang='lat' dir='ltr'><strong>vel</strong></span> 
     </span>
     <span class='ocr_line' id='line_1_76' title="bbox 1329 3912 2301 3998; baseline -0.001 -20"><span class='ocrx_word' id='word_1_491' title='bbox 1329 3913 1626 3998; x_wconf 88' lang='lat' dir='ltr'><strong>approbationibus,</strong></span> <span class='ocrx_word' id='word_1_492' title='bbox 1655 3915 1812 3993; x_wconf 88' lang='lat' dir='ltr'><strong>simodo,</strong></span> <span class='ocrx_word' id='word_1_493' title='bbox 1840 3915 1943 3980; x_wconf 90' lang='lat' dir='ltr'><strong>sicubi</strong></span> <span class='ocrx_word' id='word_1_494' title='bbox 1973 3934 2026 3978; x_wconf 89' lang='lat' dir='ltr'><strong>me</strong></span> <span class='ocrx_word' id='word_1_495' title='bbox 2053 3914 2215 3978; x_wconf 88' lang='lat' dir='ltr'><strong>memoria</strong></span> <span class='ocrx_word' id='word_1_496' title='bbox 2235 3912 2301 3996; x_wconf 91' lang='lat' dir='ltr'><strong>lap·</strong></span> 
     </span>
     <span class='ocr_line' id='line_1_77' title="bbox 1329 3999 2301 4083; baseline -0.001 -17"><span class='ocrx_word' id='word_1_497' title='bbox 1329 4019 1403 4066; x_wconf 89' lang='lat' dir='ltr'><strong>sum</strong></span> <span class='ocrx_word' id='word_1_498' title='bbox 1426 4019 1497 4063; x_wconf 84' lang='lat' dir='ltr'><strong>esse</strong></span> <span class='ocrx_word' id='word_1_499' title='bbox 1515 4000 1683 4083; x_wconf 83' lang='lat' dir='ltr'><strong>intelligis,</strong></span> <span class='ocrx_word' id='word_1_500' title='bbox 1702 4002 1803 4066; x_wconf 79' lang='lat' dir='ltr'><strong>verbo</strong></span> <span class='ocrx_word' id='word_1_501' title='bbox 1816 4023 1880 4065; x_wconf 88' lang='lat' dir='ltr'><strong>uno</strong></span> <span class='ocrx_word' id='word_1_502' title='bbox 1898 4011 1995 4083; x_wconf 89' lang='lat' dir='ltr'><strong>atque</strong></span> <span class='ocrx_word' id='word_1_503' title='bbox 2012 4000 2116 4064; x_wconf 91' lang='lat' dir='ltr'><strong>altero</strong></span> <span class='ocrx_word' id='word_1_504' title='bbox 2133 3999 2301 4065; x_wconf 79' lang='lat' dir='ltr'><strong>indicares</strong></span> 
     </span>
    </p>

    <p class='ocr_par' dir='ltr' id='par_1_15' title="bbox 1330 4081 2303 4342">
     <span class='ocr_line' id='line_1_78' title="bbox 1415 4081 2302 4168; baseline -0.003 -18"><span class='ocrx_word' id='word_1_505' title='bbox 1415 4081 1483 4150; x_wconf 81' lang='lat' dir='ltr'><strong>Sed</strong></span> <span class='ocrx_word' id='word_1_506' title='bbox 1501 4085 1656 4167; x_wconf 91' lang='lat' dir='ltr'><strong>quoniam</strong></span> <span class='ocrx_word' id='word_1_507' title='bbox 1674 4086 1733 4151; x_wconf 93' lang='lat' dir='ltr'><strong>tibi</strong></span> <span class='ocrx_word' id='word_1_508' title='bbox 1751 4109 1840 4152; x_wconf 90' lang='lat' dir='ltr'><strong>nunc</strong></span> <span class='ocrx_word' id='word_1_509' title='bbox 1857 4088 1940 4151; x_wconf 84' lang='lat' dir='ltr'><strong>forte</strong></span> <span class='ocrx_word' id='word_1_510' title='bbox 1957 4086 2126 4162; x_wconf 90' lang='lat' dir='ltr'><strong>nonlicet,</strong></span> <span class='ocrx_word' id='word_1_511' title='bbox 2149 4105 2210 4168; x_wconf 81' lang='lat' dir='ltr'><strong>ego</strong></span> <span class='ocrx_word' id='word_1_512' title='bbox 2229 4103 2302 4168; x_wconf 91' lang='lat' dir='ltr'><strong>quo·</strong></span> 
     </span>
     <span class='ocr_line' id='line_1_79' title="bbox 1330 4169 2303 4253; baseline 0 -19"><span class='ocrx_word' id='word_1_513' title='bbox 1330 4190 1394 4253; x_wconf 91' lang='lat' dir='ltr'><strong>que</strong></span> <span class='ocrx_word' id='word_1_514' title='bbox 1416 4169 1552 4235; x_wconf 90' lang='lat' dir='ltr'><strong>missum</strong></span> <span class='ocrx_word' id='word_1_515' title='bbox 1581 4171 1672 4236; x_wconf 86' lang='lat' dir='ltr'><strong>facio.</strong></span> <span class='ocrx_word' id='word_1_516' title='bbox 1718 4173 1813 4238; x_wconf 87' lang='lat' dir='ltr'><strong>Alias</strong></span> <span class='ocrx_word' id='word_1_517' title='bbox 1839 4173 1928 4237; x_wconf 90' lang='lat' dir='ltr'><strong>enim</strong></span> <span class='ocrx_word' id='word_1_518' title='bbox 1951 4172 1991 4236; x_wconf 92' lang='lat' dir='ltr'><strong>de</strong></span> <span class='ocrx_word' id='word_1_519' title='bbox 2013 4172 2076 4236; x_wconf 94' lang='lat' dir='ltr'><strong>hoc</strong></span> <span class='ocrx_word' id='word_1_520' title='bbox 2104 4169 2303 4236; x_wconf 84' lang='lat' dir='ltr'><strong>commodius</strong></span> 
     </span>
     <span class='ocr_line' id='line_1_80' title="bbox 1330 4256 2303 4342; baseline 0.001 -23"><span class='ocrx_word' id='word_1_521' title='bbox 1330 4256 1499 4320; x_wconf 89' lang='lat' dir='ltr'><strong>internos</strong></span> <span class='ocrx_word' id='word_1_522' title='bbox 1528 4257 1631 4322; x_wconf 90' lang='lat' dir='ltr'><strong>amice</strong></span> <span class='ocrx_word' id='word_1_523' title='bbox 1658 4279 1755 4342; x_wconf 83' lang='lat' dir='ltr'><strong>agere</strong></span> <span class='ocrx_word' id='word_1_524' title='bbox 1782 4260 1971 4342; x_wconf 89' lang='lat' dir='ltr'><strong>poterimus.</strong></span> <span class='ocrx_word' id='word_1_525' title='bbox 2015 4257 2088 4323; x_wconf 91' lang='lat' dir='ltr'><strong>Hoc</strong></span> <span class='ocrx_word' id='word_1_526' title='bbox 2115 4267 2149 4321; x_wconf 93' lang='lat' dir='ltr'><strong>te</strong></span> <span class='ocrx_word' id='word_1_527' title='bbox 2176 4266 2303 4322; x_wconf 88' lang='lat' dir='ltr'><strong>tantum</strong></span> 
     </span>
    </p>
   </div>
   <div class='ocr_carea' id='block_1_12' title="bbox 300 4341 2303 4517">
    <p class='ocr_par' dir='ltr' id='par_1_16' title="bbox 300 4341 2303 4517">
     <span class='ocr_line' id='line_1_81' title="bbox 386 4341 2303 4429; baseline -0.005 -14"><span class='ocrx_word' id='word_1_528' title='bbox 386 4349 500 4415; x_wconf 80' lang='lat' dir='ltr'><strong>Denuo</strong></span> <span class='ocrx_word' id='word_1_529' title='bbox 520 4349 607 4429; x_wconf 75' lang='lat' dir='ltr'><strong>capit</strong></span> <span class='ocrx_word' id='word_1_530' title='bbox 629 4348 868 4428; x_wconf 77' lang='lat' dir='ltr'><strong>irnirniqaibns</strong></span> <span class='ocrx_word' id='word_1_531' title='bbox 887 4349 922 4411; x_wconf 88' lang='lat' dir='ltr'><strong>in</strong></span> <span class='ocrx_word' id='word_1_532' title='bbox 939 4345 1280 4428; x_wconf 69' lang='lat' dir='ltr'><strong>ranacanqnsana</strong></span> <span class='ocrx_word' id='word_1_533' title='bbox 1331 4361 1403 4406; x_wconf 93' lang='lat' dir='ltr'><strong>oro:</strong></span> <span class='ocrx_word' id='word_1_534' title='bbox 1437 4362 1481 4405; x_wconf 89' lang='lat' dir='ltr'><strong>ne</strong></span> <span class='ocrx_word' id='word_1_535' title='bbox 1512 4344 1682 4425; x_wconf 88' lang='lat' dir='ltr'><strong>tantisper,</strong></span> <span class='ocrx_word' id='word_1_536' title='bbox 1717 4343 1795 4409; x_wconf 92' lang='lat' dir='ltr'><strong>dum</strong></span> <span class='ocrx_word' id='word_1_537' title='bbox 1828 4344 1923 4409; x_wconf 89' lang='lat' dir='ltr'><strong>nobis</strong></span> <span class='ocrx_word' id='word_1_538' title='bbox 1957 4343 2064 4408; x_wconf 86' lang='lat' dir='ltr'><strong>fontes</strong></span> <span class='ocrx_word' id='word_1_539' title='bbox 2092 4341 2303 4408; x_wconf 63' lang='lat' dir='ltr'><strong>&amp;mensionis</strong></span> 
     </span>
     <span class='ocr_line' id='line_1_82' title="bbox 300 4427 2303 4517; baseline -0.004 -17"><span class='ocrx_word' id='word_1_540' title='bbox 300 4436 489 4517; x_wconf 79' lang='lat' dir='ltr'><strong>confessione</strong></span> <span class='ocrx_word' id='word_1_541' title='bbox 519 4435 566 4499; x_wconf 83' lang='lat' dir='ltr'><strong>cel</strong></span> <span class='ocrx_word' id='word_1_542' title='bbox 598 4435 667 4499; x_wconf 66' lang='lat' dir='ltr'><strong>aas</strong></span> <span class='ocrx_word' id='word_1_543' title='bbox 689 4433 846 4517; x_wconf 69' lang='lat' dir='ltr'><strong>Apoaqta</strong></span> <span class='ocrx_word' id='word_1_544' title='bbox 875 4433 922 4498; x_wconf 85' lang='lat' dir='ltr'><strong>oei</strong></span> <span class='ocrx_word' id='word_1_545' title='bbox 952 4454 972 4496; x_wconf 91' lang='grc' dir='ltr'><em>α</em></span> <span class='ocrx_word' id='word_1_546' title='bbox 1003 4432 1150 4513; x_wconf 74' lang='lat' dir='ltr'><strong>collocuii</strong></span> <span class='ocrx_word' id='word_1_547' title='bbox 1172 4430 1280 4495; x_wconf 82' lang='lat' dir='ltr'><strong>Ratis-</strong></span> <span class='ocrx_word' id='word_1_548' title='bbox 1331 4439 1462 4492; x_wconf 88' lang='lat' dir='ltr'><strong>nostrae</strong></span> <span class='ocrx_word' id='word_1_549' title='bbox 1494 4427 1532 4490; x_wconf 90' lang='lat' dir='ltr'><strong>in</strong></span> <span class='ocrx_word' id='word_1_550' title='bbox 1563 4429 1635 4511; x_wconf 89' lang='lat' dir='ltr'><strong>ipsa</strong></span> <span class='ocrx_word' id='word_1_551' title='bbox 1666 4431 1867 4496; x_wconf 87' lang='lat' dir='ltr'><strong>confessione</strong></span> <span class='ocrx_word' id='word_1_552' title='bbox 1895 4433 2094 4513; x_wconf 83' lang='lat' dir='ltr'><strong>Augustana</strong></span> <span class='ocrx_word' id='word_1_553' title='bbox 2123 4450 2192 4493; x_wconf 92' lang='lat' dir='ltr'><strong>non</strong></span> <span class='ocrx_word' id='word_1_554' title='bbox 2221 4447 2303 4495; x_wconf 91' lang='lat' dir='ltr'><strong>com·</strong></span> 
     </span>
    </p>
   </div>
   <div class='ocr_carea' id='block_1_13' title="bbox 296 4519 1279 4603">
    <p class='ocr_par' dir='ltr' id='par_1_17' title="bbox 296 4519 1279 4603">
     <span class='ocr_line' id='line_1_83' title="bbox 296 4519 1279 4603; baseline -0.005 -17"><span class='ocrx_word' id='word_1_555' title='bbox 296 4522 446 4603; x_wconf 79' lang='lat' dir='ltr'><strong>pennnis</strong></span> <span class='ocrx_word' id='word_1_556' title='bbox 468 4522 548 4586; x_wconf 82' lang='lat' dir='ltr'><strong>cetis</strong></span> <span class='ocrx_word' id='word_1_557' title='bbox 575 4520 748 4585; x_wconf 81' lang='lat' dir='ltr'><strong>dissentiet.</strong></span> <span class='ocrx_word' id='word_1_558' title='bbox 794 4519 1007 4584; x_wconf 78' lang='lat' dir='ltr'><strong>Innocentiam</strong></span> <span class='ocrx_word' id='word_1_559' title='bbox 1028 4537 1159 4582; x_wconf 78' lang='lat' dir='ltr'><strong>snorum</strong></span> <span class='ocrx_word' id='word_1_560' title='bbox 1186 4521 1279 4581; x_wconf 67' lang='lat' dir='ltr'><strong>bsto-</strong></span> 
     </span>
    </p>
   </div>
   <div class='ocr_carea' id='block_1_14' title="bbox 1331 4513 2304 4600">
    <p class='ocr_par' dir='ltr' id='par_1_18' title="bbox 1331 4513 2304 4600">
     <span class='ocr_line' id='line_1_84' title="bbox 1331 4513 2304 4600; baseline 0.003 -24"><span class='ocrx_word' id='word_1_561' title='bbox 1331 4523 1566 4592; x_wconf 88' lang='lat' dir='ltr'><strong>monstrentur,</strong></span> <span class='ocrx_word' id='word_1_562' title='bbox 1588 4515 1797 4598; x_wconf 89' lang='lat' dir='ltr'><strong>praeiudiciis</strong></span> <span class='ocrx_word' id='word_1_563' title='bbox 1814 4517 1881 4581; x_wconf 92' lang='lat' dir='ltr'><strong>tuis</strong></span> <span class='ocrx_word' id='word_1_564' title='bbox 1898 4536 2083 4600; x_wconf 78' lang='lat' dir='ltr'><strong>gravemur.</strong></span> <span class='ocrx_word' id='word_1_565' title='bbox 2119 4513 2200 4580; x_wconf 90' lang='lat' dir='ltr'><strong>Non</strong></span> <span class='ocrx_word' id='word_1_566' title='bbox 2221 4513 2304 4580; x_wconf 85' lang='lat' dir='ltr'><strong>enim</strong></span> 
     </span>
    </p>
   </div>
   <div class='ocr_carea' id='block_1_15' title="bbox 302 4599 2303 4688">
    <p class='ocr_par' dir='ltr' id='par_1_19' title="bbox 302 4599 2303 4688">
     <span class='ocr_line' id='line_1_85' title="bbox 302 4599 2303 4688; baseline -0.001 -20"><span class='ocrx_word' id='word_1_567' title='bbox 302 4609 354 4669; x_wconf 83' lang='lat' dir='ltr'><strong>tar</strong></span> <span class='ocrx_word' id='word_1_568' title='bbox 381 4611 408 4669; x_wconf 85' lang='lat' dir='ltr'><strong>et</strong></span> <span class='ocrx_word' id='word_1_569' title='bbox 430 4607 508 4688; x_wconf 79' lang='lat' dir='ltr'><strong>petit</strong></span> <span class='ocrx_word' id='word_1_570' title='bbox 538 4626 575 4670; x_wconf 87' lang='lat' dir='ltr'><strong>ne</strong></span> <span class='ocrx_word' id='word_1_571' title='bbox 603 4605 786 4687; x_wconf 70' lang='lat' dir='ltr'><strong>afflictiones</strong></span> <span class='ocrx_word' id='word_1_572' title='bbox 813 4605 1013 4670; x_wconf 64' lang='lat' dir='ltr'><strong>adommin</strong></span> <span class='ocrx_word' id='word_1_573' title='bbox 1037 4603 1280 4686; x_wconf 77' lang='lat' dir='ltr'><strong>pereprirtornm</strong></span> <span class='ocrx_word' id='word_1_574' title='bbox 1330 4607 1363 4664; x_wconf 87' lang='lat' dir='ltr'><strong>te</strong></span> <span class='ocrx_word' id='word_1_575' title='bbox 1385 4621 1461 4664; x_wconf 93' lang='lat' dir='ltr'><strong>eum</strong></span> <span class='ocrx_word' id='word_1_576' title='bbox 1483 4620 1555 4665; x_wconf 88' lang='lat' dir='ltr'><strong>esse</strong></span> <span class='ocrx_word' id='word_1_577' title='bbox 1577 4602 1714 4681; x_wconf 91' lang='lat' dir='ltr'><strong>confido,</strong></span> <span class='ocrx_word' id='word_1_578' title='bbox 1737 4603 1794 4685; x_wconf 91' lang='lat' dir='ltr'><strong>qui</strong></span> <span class='ocrx_word' id='word_1_579' title='bbox 1816 4602 1947 4668; x_wconf 88' lang='lat' dir='ltr'><strong>afflictis</strong></span> <span class='ocrx_word' id='word_1_580' title='bbox 1965 4609 1999 4666; x_wconf 92' lang='lat' dir='ltr'><strong>et</strong></span> <span class='ocrx_word' id='word_1_581' title='bbox 2021 4599 2194 4666; x_wconf 89' lang='lat' dir='ltr'><strong>exsulibus</strong></span> <span class='ocrx_word' id='word_1_582' title='bbox 2213 4620 2303 4683; x_wconf 87' lang='lat' dir='ltr'><strong>prop·</strong></span> 
     </span>
    </p>
   </div>
   <div class='ocr_carea' id='block_1_16' title="bbox 302 4691 784 4773">
    <p class='ocr_par' dir='ltr' id='par_1_20' title="bbox 302 4691 784 4773">
     <span class='ocr_line' id='line_1_86' title="bbox 302 4691 784 4773; baseline 0.002 -19"><span class='ocrx_word' id='word_1_583' title='bbox 302 4691 511 4772; x_wconf 79' lang='lat' dir='ltr'><strong>multiplicare</strong></span> <span class='ocrx_word' id='word_1_584' title='bbox 528 4711 589 4773; x_wconf 80' lang='lat' dir='ltr'><strong>per</strong></span> <span class='ocrx_word' id='word_1_585' title='bbox 608 4711 683 4756; x_wconf 82' lang='lat' dir='ltr'><strong>suos</strong></span> <span class='ocrx_word' id='word_1_586' title='bbox 703 4692 784 4756; x_wconf 80' lang='lat' dir='ltr'><strong>velit.</strong></span> 
     </span>
    </p>
   </div>
   <div class='ocr_carea' id='block_1_17' title="bbox 305 4857 1278 4930">
    <p class='ocr_par' dir='ltr' id='par_1_21' title="bbox 305 4857 1278 4930">
     <span class='ocr_line' id='line_1_87' title="bbox 305 4857 1278 4930; baseline -0.003 -16"><span class='ocrx_word' id='word_1_587' title='bbox 305 4862 438 4927; x_wconf 81' lang='lat' dir='ltr'><strong>(Maisers</strong></span> <span class='ocrx_word' id='word_1_588' title='bbox 455 4862 472 4915; x_wconf 93' lang='lat'><strong>1.</strong></span> <span class='ocrx_word' id='word_1_589' title='bbox 491 4863 510 4916; x_wconf 86' lang='lat' dir='ltr'><strong>l.</strong></span> <span class='ocrx_word' id='word_1_590' title='bbox 528 4860 624 4929; x_wconf 60' lang='lat' dir='ltr'><strong>peel,</strong></span> <span class='ocrx_word' id='word_1_591' title='bbox 643 4861 754 4916; x_wconf 76' lang='lat' dir='ltr'><strong>(iarden.</strong></span> <span class='ocrx_word' id='word_1_592' title='bbox 773 4863 792 4917; x_wconf 94' lang='lat' dir='ltr'><strong>l.</strong></span> <span class='ocrx_word' id='word_1_593' title='bbox 810 4863 828 4916; x_wconf 87' lang='lat' dir='ltr'><strong>l.</strong></span> <span class='ocrx_word' id='word_1_594' title='bbox 846 4878 873 4930; x_wconf 97' lang='lat' dir='ltr'><strong>p.</strong></span> <span class='ocrx_word' id='word_1_595' title='bbox 883 4857 942 4928; x_wconf 79' lang='grc'>734,</span> <span class='ocrx_word' id='word_1_596' title='bbox 960 4861 1076 4930; x_wconf 84' lang='lat' dir='ltr'><strong>Kuyper</strong></span> <span class='ocrx_word' id='word_1_597' title='bbox 1092 4861 1110 4914; x_wconf 96' lang='lat' dir='ltr'><strong>l.</strong></span> <span class='ocrx_word' id='word_1_598' title='bbox 1128 4861 1145 4914; x_wconf 90' lang='lat'><strong>1.</strong></span> <span class='ocrx_word' id='word_1_599' title='bbox 1164 4877 1191 4929; x_wconf 90' lang='lat' dir='ltr'><strong>p.</strong></span> <span class='ocrx_word' id='word_1_600' title='bbox 1203 4859 1278 4924; x_wconf 75' lang='lat'><strong>723.)</strong></span> 
     </span>
    </p>
   </div>
   <div class='ocr_carea' id='block_1_18' title="bbox 304 5028 1279 5287">
    <p class='ocr_par' dir='ltr' id='par_1_22' title="bbox 304 5028 1279 5287">
     <span class='ocr_line' id='line_1_88' title="bbox 391 5028 1279 5114; baseline 0.003 -17"><span class='ocrx_word' id='word_1_601' title='bbox 391 5031 426 5097; x_wconf 82' lang='lat' dir='ltr'><strong>S.</strong></span> <span class='ocrx_word' id='word_1_602' title='bbox 450 5033 485 5095; x_wconf 91' lang='lat' dir='ltr'><strong>in</strong></span> <span class='ocrx_word' id='word_1_603' title='bbox 513 5031 665 5097; x_wconf 92' lang='lat' dir='ltr'><strong>Domino.</strong></span> <span class='ocrx_word' id='word_1_604' title='bbox 706 5032 915 5098; x_wconf 80' lang='lat' dir='ltr'><strong>Sententiam</strong></span> <span class='ocrx_word' id='word_1_605' title='bbox 948 5028 1079 5114; x_wconf 91' lang='lat' dir='ltr'><strong>quidem</strong></span> <span class='ocrx_word' id='word_1_606' title='bbox 1111 5031 1279 5100; x_wconf 85' lang='lat' dir='ltr'><strong>doctrinae</strong></span> 
     </span>
     <span class='ocr_line' id='line_1_89' title="bbox 304 5118 1277 5201; baseline 0.003 -19"><span class='ocrx_word' id='word_1_607' title='bbox 304 5125 391 5197; x_wconf 90' lang='lat' dir='ltr'><strong>tuae,</strong></span> <span class='ocrx_word' id='word_1_608' title='bbox 414 5119 465 5183; x_wconf 85' lang='lat' dir='ltr'><strong>vir</strong></span> <span class='ocrx_word' id='word_1_609' title='bbox 476 5119 767 5201; x_wconf 84' lang='lat' dir='ltr'><strong>praestantissime,</strong></span> <span class='ocrx_word' id='word_1_610' title='bbox 787 5119 823 5182; x_wconf 90' lang='lat' dir='ltr'><strong>in</strong></span> <span class='ocrx_word' id='word_1_611' title='bbox 845 5127 957 5183; x_wconf 86' lang='lat' dir='ltr'><strong>nostra</strong></span> <span class='ocrx_word' id='word_1_612' title='bbox 974 5118 1199 5183; x_wconf 81' lang='lat' dir='ltr'><strong>controversia</strong></span> <span class='ocrx_word' id='word_1_613' title='bbox 1220 5140 1277 5185; x_wconf 89' lang='lat' dir='ltr'><strong>au-</strong></span> 
     </span>
     <span class='ocr_line' id='line_1_90' title="bbox 305 5202 1278 5287; baseline 0.004 -19"><span class='ocrx_word' id='word_1_614' title='bbox 305 5203 384 5281; x_wconf 85' lang='lat' dir='ltr'><strong>divi,</strong></span> <span class='ocrx_word' id='word_1_615' title='bbox 418 5214 451 5268; x_wconf 90' lang='lat' dir='ltr'><strong>et</strong></span> <span class='ocrx_word' id='word_1_616' title='bbox 482 5202 615 5287; x_wconf 88' lang='lat' dir='ltr'><strong>quidem</strong></span> <span class='ocrx_word' id='word_1_617' title='bbox 648 5225 714 5269; x_wconf 91' lang='lat' dir='ltr'><strong>non</strong></span> <span class='ocrx_word' id='word_1_618' title='bbox 733 5205 804 5269; x_wconf 91' lang='lat' dir='ltr'><strong>sine</strong></span> <span class='ocrx_word' id='word_1_619' title='bbox 837 5203 1061 5282; x_wconf 89' lang='lat' dir='ltr'><strong>admiratione,</strong></span> <span class='ocrx_word' id='word_1_620' title='bbox 1095 5211 1133 5268; x_wconf 89' lang='lat' dir='ltr'><strong>nt</strong></span> <span class='ocrx_word' id='word_1_621' title='bbox 1161 5226 1278 5272; x_wconf 85' lang='lat' dir='ltr'><strong>verum</strong></span> 
     </span>
    </p>
   </div>
   <div class='ocr_carea' id='block_1_19' title="bbox 1331 4683 2303 4944">
    <p class='ocr_par' dir='ltr' id='par_1_23' title="bbox 1331 4683 2303 4944">
     <span class='ocr_line' id='line_1_91' title="bbox 1331 4683 2303 4771; baseline 0.001 -21"><span class='ocrx_word' id='word_1_622' title='bbox 1331 4683 1385 4750; x_wconf 80' lang='lat' dir='ltr'><strong>ter&#39;</strong></span> <span class='ocrx_word' id='word_1_623' title='bbox 1409 4684 1582 4751; x_wconf 83' lang='lat' dir='ltr'><strong>Ohristum</strong></span> <span class='ocrx_word' id='word_1_624' title='bbox 1613 4688 1758 4754; x_wconf 87' lang='lat' dir='ltr'><strong>ecclesiis</strong></span> <span class='ocrx_word' id='word_1_625' title='bbox 1786 4710 1916 4754; x_wconf 81' lang='lat' dir='ltr'><strong>emnem</strong></span> <span class='ocrx_word' id='word_1_626' title='bbox 1942 4689 2049 4771; x_wconf 87' lang='lat' dir='ltr'><strong>ipsam</strong></span> <span class='ocrx_word' id='word_1_627' title='bbox 2077 4686 2303 4769; x_wconf 87' lang='lat' dir='ltr'><strong>conduplicare</strong></span> 
     </span>
     <span class='ocr_line' id='line_1_92' title="bbox 1331 4771 2303 4858; baseline -0.003 -21"><span class='ocrx_word' id='word_1_628' title='bbox 1331 4771 1424 4837; x_wconf 87' lang='lat' dir='ltr'><strong>velis.</strong></span> <span class='ocrx_word' id='word_1_629' title='bbox 1469 4771 1555 4836; x_wconf 92' lang='lat' dir='ltr'><strong>Boni</strong></span> <span class='ocrx_word' id='word_1_630' title='bbox 1583 4773 1729 4851; x_wconf 81' lang='lat' dir='ltr'><strong>consule,</strong></span> <span class='ocrx_word' id='word_1_631' title='bbox 1758 4795 1888 4858; x_wconf 90' lang='lat' dir='ltr'><strong>quaeso,</strong></span> <span class='ocrx_word' id='word_1_632' title='bbox 1918 4774 2003 4838; x_wconf 90' lang='lat' dir='ltr'><strong>hanc</strong></span> <span class='ocrx_word' id='word_1_633' title='bbox 2032 4782 2183 4838; x_wconf 88' lang='lat' dir='ltr'><strong>nostram</strong></span> <span class='ocrx_word' id='word_1_634' title='bbox 2210 4772 2303 4837; x_wconf 92' lang='lat' dir='ltr'><strong>liber·</strong></span> 
     </span>
     <span class='ocr_line' id='line_1_93' title="bbox 1331 4858 2303 4944; baseline -0.003 -23"><span class='ocrx_word' id='word_1_635' title='bbox 1331 4865 1444 4937; x_wconf 88' lang='lat' dir='ltr'><strong>tatem,</strong></span> <span class='ocrx_word' id='word_1_636' title='bbox 1462 4865 1495 4922; x_wconf 91' lang='lat' dir='ltr'><strong>et</strong></span> <span class='ocrx_word' id='word_1_637' title='bbox 1507 4860 1580 4925; x_wconf 86' lang='lat' dir='ltr'><strong>vale</strong></span> <span class='ocrx_word' id='word_1_638' title='bbox 1598 4861 1632 4925; x_wconf 92' lang='lat' dir='ltr'><strong>in</strong></span> <span class='ocrx_word' id='word_1_639' title='bbox 1645 4859 1788 4926; x_wconf 80' lang='lat' dir='ltr'><strong>Christo.</strong></span> <span class='ocrx_word' id='word_1_640' title='bbox 1818 4858 2046 4944; x_wconf 75' lang='lat' dir='ltr'><strong>Stuttgardiae</strong></span> <span class='ocrx_word' id='word_1_641' title='bbox 2057 4862 2107 4923; x_wconf 79' lang='lat'><strong>25.</strong></span> <span class='ocrx_word' id='word_1_642' title='bbox 2120 4858 2205 4924; x_wconf 77' lang='lat' dir='ltr'><strong>Maii</strong></span> <span class='ocrx_word' id='word_1_643' title='bbox 2220 4858 2303 4924; x_wconf 78' lang='lat'><strong>1556.</strong></span> 
     </span>
    </p>
   </div>
   <div class='ocr_carea' id='block_1_20' title="bbox 0 0 2394 5876">
    <p class='ocr_par' dir='ltr' id='par_1_24' title="bbox 0 0 2394 5876">
     <span class='ocr_line' id='line_1_94' title="bbox 0 0 2394 5876; baseline 0 0"><span class='ocrx_word' id='word_1_644' title='bbox 0 0 2394 5876; x_wconf 95' lang='lat' dir='ltr'><strong> </strong></span> 
     </span>
    </p>
   </div>
  </div>
 </body>
</html>
