4688 5902
278 319 341 381 eoo
926 287 933 309 ”
1029 301 1292 381 urisuousu
1314 316 1526 379 rear-roas
2127 388 2136 411 ,
2218 322 2278 383 roo

279 524 347 569 non
368 502 469 568 semel
492 501 638 585 epistolio
660 502 767 586 aliquo
795 508 928 586 gratum
950 521 1029 586 erga
1050 509 1084 567 te
1105 503 1253 567 animum
1304 500 1408 566 Addit
1425 502 1587 583 ‘quosdam
1615 503 1653 567 cle
1679 502 1779 584 fratre
1806 523 1863 569 suo
1888 502 2080 569 maroneae
2104 505 2278 589 &goebel

279 609 392 655 meum
413 587 587 666 deolarare,
609 596 722 670 utpote
743 589 798 672 qui
820 589 902 653 mihi
927 608 1028 670 puero
1050 588 1253 672 Argentinae
1304 586 1449 654 mosot
1469 589 1877 672 emmerammianos
1897 609 2001 656 reeens
2021 591 2150 656 inuenti.

280 696 367 740 anuo
391 677 472 738 1540
493 683 682 756 praeoeptor
713 674 889 757 doetorque
909 674 1011 740 fueris
1039 694 1153 756 meque
1175 694 1253 739 eon·

279 757 436 827 oionibus,
470 772 503 824 et
541 760 812 842 praelectionibus
854 760 955 826 saeris
994 759 1252 842 quotidianisque
1465 756 1520 823 (Ε)ι
1538 759 1706 829 apographo
1724 759 1789 814 eod.
1808 759 1910 814 donov.
1930 759 1987 824 114,
2005 760 2049 814 fol.
2070 758 2125 827 18.)

279 846 377 911 etiam
398 844 676 911 cohortationibus
698 844 739 910 ad
760 847 916 929 pietatem
938 846 1154 911 instruxeris:
1186 866 1250 927 quo

279 931 411 996 nomine
434 952 487 995 me
505 931 564 996 tibi
586 931 742 1014 privatim
764 932 943 1014 plurimum
965 930 1083 997 debere
1101 931 1251 995 minime·
1389 929 1581 995 Clarissimo
1603 941 1636 995 et
1658 934 1896 1016 speetatissimo
1917 934 1987 998 viro
2010 935 2050 998 D.
2064 934 2184 999 Ioanni
2208 934 2276 1000 Cal·

279 1037 341 1099 que
369 1037 441 1082 esse
470 1016 625 1082 solvendo
654 1017 796 1100 ingenue
826 1018 938 1082 fateor.
983 1016 1050 1083 Sed
1078 1017 1252 1099 quominus
1303 1015 1380 1080 vino
1402 1015 1553 1099 theologo
1571 1018 1853 1099 praestantissimo
1863 1027 1897 1084 et
1908 1019 2114 1086 Genevensis
2126 1020 2276 1087 seelesiae

207 1159 209 1165 ,
280 1101 314 1167 id
336 1102 476 1169 saeorem
494 1122 593 1168 eausa
604 1102 657 1167 vel
669 1103 874 1186 potissimum
886 1103 948 1167 fuit
965 1102 1051 1184 quod
1068 1102 1251 1186 cogitabam
1303 1103 1425 1184 pastori
1447 1101 1635 1169 fidelissimo

278 1188 500 1254 inoonsultum
527 1188 596 1253 fore
614 1189 642 1252 si
663 1209 732 1272 ego,
754 1188 814 1254 tibi
832 1188 950 1271 alioqui
967 1189 1111 1272 ignotus,
1130 1188 1252 1253 sanetis
2026 1190 2193 1258 Genavae.

279 1275 347 1339 tuis
368 1274 632 1356 oooupationibus
649 1275 877 1357 obstreperem.
922 1274 1035 1356 Neque
1056 1275 1182 1338 interea
1204 1284 1252 1337 ta·

279 1380 357 1425 men
379 1358 488 1425 destiti
508 1362 628 1425 multos
646 1382 686 1424 ex
703 1361 832 1445 ingenti
842 1380 980 1425 numero
991 1359 1252 1425 doctissimorum
1645 1360 1701 1423 rr.
1726 1360 1857 1426 Hotom.
1881 1361 1915 1428 S.

280 1465 319 1511 ao
339 1466 418 1510 vere
439 1447 567 1528 piorum
589 1445 748 1510 librorum
770 1455 902 1511 tuorum
929 1445 1091 1524 evolvere,
1120 1443 1252 1509 iisdem·

280 1551 342 1614 que
362 1532 508 1595 animum
532 1552 641 1596 meum
664 1531 805 1614 explere.
850 1530 974 1596 Verum
1007 1530 1135 1596 dolores
1163 1532 1254 1594 intus
1390 1528 1580 1594 Clarissimo
1597 1530 1650 1593 vir
1672 1538 1706 1594 et
1727 1539 1819 1613 pater
1840 1532 2148 1599 observandissime.
2193 1534 2277 1599 Lite·

279 1616 462 1699 aequandos
481 1615 589 1696 habes,
617 1619 669 1681 vir
689 1616 926 1683 eandidissime.
972 1618 1026 1681 Ah
1054 1618 1129 1695 seio,
1158 1625 1254 1698 atque
1305 1637 1359 1680 ras
1376 1622 1450 1679 tuas
1463 1619 1488 1689 1)
1506 1636 1567 1699 ego
1578 1624 1612 1679 et
1622 1616 1664 1680 D.
1679 1614 1877 1696 operosae)
1896 1618 2117 1685 adoonsulem
2129 1630 2276 1685 nostrum

280 1701 316 1767 id
343 1702 424 1766 mihi
462 1703 559 1767 etiam
593 1703 736 1768 maxime
765 1701 859 1768 dolet.
906 1702 1042 1768 Confido
1070 1714 1182 1767 autern
1211 1709 1253 1780 te,
1305 1700 1491 1778 detulimus,
1514 1701 1569 1783 qui
1587 1701 1728 1766 mirabili
1746 1725 1820 1768 eum
1833 1704 2103 1787 voluptatevisus
2126 1717 2178 1770 est
2200 1707 2276 1770 utri-

280 1808 344 1870 quo
366 1809 401 1853 es
423 1790 600 1866 stomaeho,
623 1788 782 1871 quidquid
804 1799 853 1854 est
874 1786 1060 1854 huiusmodi
1082 1787 1182 1871 probe
1204 1786 1252 1850 di·
1305 1808 1368 1870 que
1390 1797 1539 1851 nostrum
1568 1806 1622 1852 eas
1650 1788 1804 1871 reoipere,
1834 1791 1950 1854 maiori
1979 1792 2078 1855 etiam
2107 1812 2146 1856 ea
2168 1790 2276 1857 audire

281 1882 460 1957 gesturum.
513 1872 580 1938 Sod
612 1877 706 1959 oupio
735 1874 834 1939 etiam
863 1873 983 1939 doloris
1013 1875 1061 1938 tui
1090 1874 1253 1956 partioeps
1305 1893 1387 1956 quae
1410 1872 1467 1937 abs
1494 1879 1527 1935 te
1554 1873 1674 1954 soripta
1701 1873 1750 1937 illi
1777 1894 1836 1956 per
1864 1877 1905 1940 D.
1931 1875 2108 1942 Gonrodum
2138 1877 2278 1960 expliea-

282 1979 362 2024 esse.
408 1958 630 2039 Quamobrem
663 1982 742 2044 rogo
773 1970 810 2025 ιιι
840 1959 900 2024 hoe
930 1959 988 2025 abs
1021 1968 1053 2024 te
1081 1961 1253 2043 impetrem
1305 1959 1434 2024 bantur.
1466 1952 1584 2039 Itaque
1605 1959 1858 2035 eontinu0(erat
1875 1969 1986 2027 antem
2008 1963 2041 2026 iu
2060 1983 2137 2027 mea
2159 1965 2275 2038 euriae)

281 2044 425 2127 mihique
437 2046 680 2128 quamprimum
698 2047 926 2110 eommunices.
961 2045 1104 2128 Deploro
1122 2044 1253 2127 quidem
1304 2043 1399 2109 nobis
1420 2043 1588 2125 respoudit
1609 2044 1752 2127 primum
1774 2067 1809 2111 se
1827 2046 1988 2130 gratulari
2010 2047 2200 2115 Genavensi
2221 2050 2278 2114 rei-

282 2140 316 2194 et
337 2130 434 2195 valde
455 2132 582 2197 oruoior
603 2130 644 2196 ob
667 2132 763 2197 huius
785 2131 940 2196 eoelesiae
958 2144 1079 2197 statum
1108 2131 1253 2196 miserri-
1305 2128 1454 2213 publioae
1475 2140 1508 2194 et
1529 2129 1683 2195 eoelesiae
1705 2130 1745 2196 de
1767 2151 1916 2198 annonae
1943 2134 2079 2199 oaritate
2092 2138 2118 2209 3)
2145 2138 2279 2200 remissa

281 2223 428 2291 mum:⁸)
461 2227 499 2280 tu
529 2238 607 2282 vero
628 2238 744 2282 oausas
774 2227 806 2281 et
827 2219 962 2282 effeetus
992 2218 1122 2299 penitus
1149 2217 1254 2280 intro·
1305 2236 1343 2280 ae
1371 2215 1604 2297 propemodum
1638 2217 1811 2297 exstineto,
1843 2217 1960 2283 deinde
1989 2240 2024 2284 se
2051 2219 2278 2286 lubentissime

281 2302 388 2382 spieis.
422 2301 489 2367 Sed
511 2303 595 2366 mihi
615 2313 727 2367 tamen
748 2302 960 2385 perferendus
971 2314 1022 2367 est
1039 2324 1130 2368 meus
1152 2301 1259 2379 dolor,
1306 2301 1415 2365 animo
1443 2301 1619 2366 maioribus
1647 2303 1683 2366 in
1716 2305 1815 2368 rebus
1842 2303 1947 2369 eidem
1975 2305 2130 2371 eoelesiae
2159 2307 2278 2389 tibique

280 2388 403 2469 vixque
426 2388 478 2453 hio
500 2389 626 2470 reperio
648 2390 770 2453 sooium
793 2389 828 2451 iu
850 2408 947 2470 quem
970 2389 1177 2470 partemeius
1196 2388 1255 2451 ali·
1308 2386 1485 2470 gratificari
1507 2386 1601 2465 velle,
1622 2388 1651 2452 si
1674 2409 1738 2470 qua
1754 2389 1893 2455 facultas
1914 2402 2006 2456 esset.

281 2493 380 2554 quam
412 2474 589 2538 transferre
623 2478 753 2555 possim.
809 2475 913 2556 Atqui
952 2494 1133 2539 moerorem
1168 2473 1256 2537 huno
1394 2470 1490 2551 Quod
1523 2480 1632 2536 autem
1668 2472 1710 2538 ad
1743 2473 1917 2539 Gallorum
1926 2478 1955 2548 4)
1994 2476 2106 2541 odium
2139 2480 2279 2560 pertinet

281 2578 392 2622 meum
410 2557 497 2622 haud
524 2579 639 2641 parum
664 2559 780 2623 lenivit
798 2559 981 2641 praesentia
997 2559 1257 2641 oolloquiumque
1308 2557 1421 2623 statim
1438 2561 1726 2623 sacramentarium
1741 2579 1874 2626 oausam
1884 2562 2003 2646 attingi
2013 2565 2123 2629 sensit.
2156 2563 2279 2629 Varum

283 2644 638 2724 praestantissimorum
678 2645 826 2709 virorum
861 2646 902 2709 D.
940 2644 1097 2710 Gulielmi
1136 2644 1257 2709 Forelli
1308 2641 1393 2724 quod
1415 2663 1520 2724 neque
1541 2642 1611 2725 ipse
1633 2665 1738 2727 neque
1760 2644 1880 2722 desem,
1902 2657 1940 2711 ut
1959 2649 2083 2730 opinor,
2106 2651 2142 2712 in
2155 2650 2217 2715 hae
2237 2650 2278 2714 ei·

177 2800 179 2804 .
284 2737 318 2793 et
339 2728 502 2793 Theodori
532 2729 645 2810 Besae,
667 2732 723 2812 qui
755 2751 858 2814 quum
886 2730 1048 2796 Kalendis
1077 2732 1158 2796 Maii
1191 2732 1257 2795 huo
1308 2729 1411 2793 vitate
1433 2726 1473 2792 de
1495 2727 1594 2793 stulto
1616 2739 1649 2793 et
1670 2729 1809 2795 barbaro
1835 2733 1892 2797 illo
1914 2734 2074 2817 soriptol)
2104 2735 2280 2818 quidquam

283 2813 486 2896 appulissent
507 2826 640 2898 propter
661 2817 923 2898 urgentissimam
936 2817 1219 2900 pietatisoausam,
1230 2819 1257 2892 ⁴)
1310 2813 1493 2889 audierunt,
1515 2815 1685 2897 respondit
1702 2816 1796 2881 nobis
1813 2827 1965 2882 senatum
1982 2819 2019 2884 in
2037 2821 2149 2885 animo
2168 2821 2283 2886 habere

283 2900 424 2981 aeoeptis
446 2900 550 2967 literis
569 2902 752 2984 aPrinoipe
770 2902 810 2966 ad
823 2902 1061 2985 Landprooiton
1079 2900 1257 2983 duoemque
1310 2921 1408 2982 seque
1430 2920 1560 2982 operam
1585 2899 1672 2977 dare,
1694 2912 1732 2966 ιιι
1753 2903 2104 2985 aliquapaoifioationis
2128 2906 2214 2971 ratio
2235 2908 2283 2971 in·

285 2983 539 3067 cbaoptomm
561 2986 715 3069 postridie
739 2987 965 3053 discesserunt.
1010 2988 1183 3053 Prolixum
1206 2988 1256 3051 ni·
1309 2996 1411 3061 eatur,
1439 2996 1614 3068 antequam
1637 2984 1679 3050 ad
1700 2987 1897 3070 colloquium
1906 2993 1934 3069 ⁰)
1963 2990 2111 3074 theologi
2133 2994 2281 3057 veniant:

282 3070 347 3135 mis
368 3071 452 3135 foret
473 3072 549 3154 quid
572 3083 604 3138 et
626 3094 699 3138 oum
722 3072 839 3155 quibus
861 3076 997 3157 egerint,
1019 3074 1117 3156 idque
1139 3073 1257 3137 melius
1309 3072 1364 3153 qui
1387 3072 1415 3136 si
1438 3071 1667 3137 dissentientes
1689 3073 1724 3136 in
1756 3095 1792 3138 re
1814 3074 1882 3139 ulla
1911 3076 2119 3158 reperiantur
2148 3077 2282 3143 ludibrio

282 3156 414 3236 ipsimet
436 3160 559 3223 reversi
581 3157 806 3234 reeensebunt,
830 3159 881 3223 vel
900 3160 956 3242 qui
978 3160 1039 3224 has
1056 3160 1180 3242 perfert
1202 3156 1257 3223 de-
1310 3168 1408 3222 erunt
1429 3157 1634 3222 adversariis.
1679 3158 1768 3225 Huio
1791 3159 1879 3225 illius
1901 3162 2044 3226 sermoni
2065 3161 2209 3227 addatur
2228 3162 2282 3227 tibi

282 3239 450 3307 liniabit.¹l
492 3244 585 3319 Vale,
607 3245 654 3308 mi
676 3253 769 3327 pater
790 3246 825 3309 iu
848 3243 977 3310 Christo
1006 3245 1194 3322 reverende,
1224 3254 1258 3308 et
1310 3264 1330 3307 a
1351 3263 1413 3319 me,
1425 3241 1649 3325 Marpoebium
1672 3265 1776 3326 nuper
1798 3265 1818 3310 a
1840 3255 1955 3312 senatu
1977 3250 2114 3313 missum
2138 3249 2281 3314 adllleo·

284 3327 313 3390 si
341 3328 419 3409 quid
446 3349 580 3410 possum
608 3328 661 3394 vol
688 3332 840 3412 privatim
868 3331 920 3395 vel
948 3331 1085 3414 publiae,
1114 3332 1255 3413 impera:
1308 3330 1511 3408 torem,⁷)ut
1531 3328 1705 3394 eonsilium
1724 3330 1765 3395 ab
1788 3350 1825 3396 eo
1846 3353 1887 3396 ea
1909 3331 1948 3397 de
1970 3354 2006 3398 re
2027 3341 2170 3417 asperet.
2201 3335 2281 3400 Nam

282 3432 342 3495 ego
364 3413 577 3479 libentissime
599 3415 766 3497 obsequar.
802 3415 967 3480 Dominus
989 3429 1021 3482 te
1041 3417 1133 3482 nobis
1155 3417 1256 3482 eoole-
1309 3414 1408 3497 plano
1441 3435 1555 3478 omues
1585 3414 1660 3479 boni
1691 3416 1828 3498 eupiunt
1855 3425 1954 3500 atquo
1983 3431 2146 3501 expetunt
2166 3420 2280 3486 horum

281 3498 412 3581 uiaeque
433 3520 510 3564 suae
534 3500 589 3564 diu
611 3510 720 3566 servet
740 3501 947 3566 ineolumem.
981 3501 1257 3586 Mombelgardiae
1309 3499 1516 3565 dissidiorum
1538 3501 1671 3577 exitum,
1695 3522 1800 3584 neque
1822 3502 1882 3567 ulli
1903 3503 2002 3587 paulo
2030 3506 2205 3587 peritiores
2226 3507 2280 3570 du·

283 3587 314 3646 8.
335 3585 477 3650 Kalend.
500 3584 588 3650 Iunii
616 3593 703 3650 1557.
1308 3585 1424 3686 bitant·
1443 3586 1531 3685 quin,
1560 3588 1587 3650 si
1620 3596 1677 3651 tua
1703 3596 1737 3651 et
1758 3588 1917 3672 Tiguriua
1943 3588 2091 3672 olimque
2120 3592 2278 3665 ecelesiae,

484 3756 488 3770 ·
590 3724 681 3789 Tuus
703 3723 881 3807 diwirulue
904 3733 936 3788 a
957 3727 991 3788 ³¹1
1015 3722 1147 3790 ⁰¹11³⁸t0
1170 3725 1256 3790 fille
1308 3670 1822 3840 biiogiiib?aho⁵0⁰¹imgssii¹e¹i.⁰t
1840 3676 2279 3842 bbigieatbffivriifffigmii

726 3827 890 3892 Amnius
913 3826 1110 3907 Quadratus·
1309 3842 1416 3924 aliquo
1437 3864 1557 3925 magno
1579 3854 1612 3908 et
1634 3845 1686 3926 pio
1706 3845 1775 3909 viro
1797 3847 1959 3911 monitum
1981 3867 2053 3912 esse
2080 3858 2120 3912 ιιι
2141 3849 2202 3914 tibi
2223 3849 2278 3914 hoo

1308 3929 1505 3994 reuunoiem.
1551 3927 1624 3993 Iam
1646 3931 1735 3994 enim
1757 3930 1851 3996 multi
1875 3951 1935 3996 sua
1956 3941 2074 4015 sponte
2101 3934 2190 4000 istuo
2212 3955 2277 4000 eur-

1307 4024 1400 4077 runt:
1431 4016 1541 4096 parvis
1568 4015 1710 4080 stimulis
1739 4017 1872 4082 exaitati
1900 4019 1994 4083 faoile
2020 4039 2085 4100 quo
2116 4023 2276 4105 oupiemus

664 4156 863 4166 ,.-..-
1307 4099 1512 4164 despondent.

1393 4184 1504 4249 Redeo
1527 4183 1568 4247 ad
1590 4187 1764 4251 oonsulem.
1810 4188 1957 4253 Tertium
1987 4198 2060 4254 erat
2081 4190 2123 4256 de
2145 4191 2273 4268 semp

1308 4278 1340 4333 et
1373 4268 1492 4348 altero,
1526 4290 1663 4351 quorum
1696 4282 1849 4338 neutrum
1882 4274 2046 4357 interpres
2056 4278 2084 4352 ⁹)
2113 4278 2272 4343 nominare

1307 4355 1418 4431 voluit,
1449 4377 1490 4421 ue
1519 4356 1631 4420 literas
1661 4357 1734 4424 illas
1762 4358 1819 4425 abs
1847 4367 1880 4424 te
1904 4361 2082 4426 extorsisse
2104 4364 2270 4429 videretur.

720 4423 819 4493 aoaa,
1312 4509 1509 4522 „-

497 4576 786 4646 Houounuus
814 4578 1032 4645 CALVINO.
1200 4653 1206 4662 Ἰ
1307 4609 1399 4666 2033,
1411 4611 1440 4674 1)
1461 4612 1498 4666 Ν,
1515 4610 1594 4666 2631,

372 4749 455 4830 Quid
475 4751 545 4815 eius
564 4750 655 4814 iussu
676 4770 745 4815 cum
766 4750 889 4816 consule
907 4749 1096 4833 reipublicae
1106 4751 1255 4832 Aryento-
1408 4679 1439 4815 Ξ)
1457 4682 1650 4804 οἶιιιιῖιθηὲἕιιεα
1677 4751 1743 4806 Ant.
1775 4749 1905 4807 Calvinus
1936 4754 2153 4822 Argentoratum
2184 4760 2268 4811 mm

282 4837 421 4901 rotensis
441 4837 535 4919 egerit
555 4835 689 4916 exponit,
717 4837 810 4902 elsio
828 4835 926 4917 pluro
950 4838 1040 4917 offet
1068 4837 1104 4901 de
1126 4834 1257 4901 Morbo-
1305 4818 1407 4884 fimi·
1519 4888 1550 4898 ..
1761 4889 1766 4901 .
1817 4891 1846 4900 ..
2090 4897 2093 4903 .

282 4920 389 4986 aaa
408 4921 576 5004 aesopo,
592 4920 915 5004 sequestrasse
927 4921 1049 4988 rareio
1059 4923 1255 5005 confessae.
1409 4886 1440 5020 ἓ)
1454 4887 1850 5012 9)ξῖθῇᾌῇῗῇῥῇ
1864 4890 2208 5029 &mmm

287 5074 486 5086 „fflssff
1409 5023 1439 5088 6)
1466 5024 1668 5079 Wormacaooe.

1412 5093 1441 5155 l)
1462 5094 1628 5148 Palatinum.

386 5159 415 5226 3)
442 5159 521 5213 Vides
538 5175 597 5214 eam
615 5161 724 5215 minime
741 5160 948 5215 lutheranisare.
1410 5162 1439 5227 8)
1460 5163 1605 5228 Geraopr‘o.

386 5226 416 5292 4)
436 5227 474 5282 N.
491 5226 568 5281 2621.
1410 5230 1441 5294 9)
1460 5231 1607 5287 Hubertus.
