4778 5888
93 308 154 370 205
996 305 1077 374 ldbd
1098 303 1190 373 IUN.
2025 312 2088 377 206

91 493 227 559 uilicum
260 492 420 577 vaenum]
453 493 629 560 Consulem
658 494 855 574 reddendas,
885 493 1065 580 prudenter
1115 494 1190 577 quis
1212 503 1347 561 renatus
1374 495 1476 561 fuerit
1497 517 1581 580 aqua
1602 505 1637 562 et
1656 499 1782 580 spiritu,
1805 518 1872 564 non
1894 497 2031 564 intrabit
2050 501 2086 567 in

92 576 167 665 [abs
188 576 235 665 te]
258 578 379 644 factum
403 587 462 644 eet.
506 579 602 658 Quod
625 582 724 646 etiam
747 579 927 646 abitinere
950 603 1064 666 super-
1116 600 1253 665 reguum
1284 580 1356 645 Dei.
1403 581 1469 647 Sed
1500 603 1585 667 nego
1615 584 1769 665 primum,
1794 585 1928 668 spiritus
1950 605 2085 668 regene-

91 662 271 730 sedendnm
301 672 406 749 putas,
433 666 605 730 consilinm
627 677 722 731 tunm
743 668 845 749 probo
868 677 901 732 et
923 666 1064 749 amplec-
1115 667 1236 732 rationi
1263 667 1332 732 illic
1366 669 1522 752 coniungi
1551 677 1726 733 externum
1755 690 1859 752 aquae
1877 669 2085 752 baptismum,

91 757 152 815 tor.
197 751 266 816 Neo
298 772 377 815 vero
411 751 493 815 mihi
525 751 561 816 in
594 752 703 817 animo
736 752 798 817 fnit
827 753 914 819 ultra
935 756 1063 837 urgere,
1115 754 1191 836 quia
1218 753 1328 835 potius
1357 774 1410 817 res
1438 754 1552 818 eadem
1574 753 1623 818 bis
1645 753 1773 831 dicitnr,
1796 762 1831 820 et
1847 775 1966 819 nomeu
1989 757 2086 839 spiri·

89 835 188 901 modo
220 846 384 902 constaret
416 846 549 902 mutuae
584 839 670 902 iuter
702 859 761 903 nos
794 841 882 921 pacis
907 839 1065 906 fovendae
1114 849 1168 903 tus
1195 840 1378 922 expositive
1405 838 1563 904 additumv
1581 850 1641 903 cst.
1683 839 1869 921 Absurdum
1895 840 1984 905 enirn
2007 842 2085 908 fuis·

90 937 159 986 non
181 921 324 987 defuisse
345 921 505 987 studium:
528 944 566 989 ae
587 924 615 989 si
637 944 702 1005 qua
723 939 870 1009 emergat
890 927 1063 1004 contentio,
1115 934 1173 1001 set,
1196 946 1296 1006 quum
1316 924 1470 990 Christus
1497 925 1713 990 Nicodemum
1731 926 1871 1008 spoliare
1892 926 1991 990 vellet
2012 948 2083 993 oar·

88 1006 319 1088 imputandum
349 1028 420 1072 esse
448 1029 561 1073 eorum
584 1009 696 1092 culpae
719 1011 837 1093 quibus
858 1010 966 1076 oblata
988 1031 1063 1076 con-
1114 1013 1166 1075 nis
1198 1030 1275 1075 snae
1307 1011 1450 1092 ingenio,
1482 1023 1518 1075 ut
1547 1011 1693 1093 deposita
1723 1012 1875 1094 superbia
1906 1011 1948 1076 ad
1970 1033 2084 1078 veram

90 1092 172 1157 ditio
202 1114 267 1159 nou
289 1094 463 1177 placuerit
509 1094 552 1158 Et
585 1095 773 1160 humaniter
798 1096 929 1178 qnidam
952 1099 1063 1161 testati
1114 1095 1332 1160 humilitatem
1354 1097 1460 1161 instar
1480 1099 1574 1180 pueri
1596 1118 1631 1162 se
1654 1097 1849 1174 demitteret,
1881 1095 2082 1179 abaptismo

87 1188 169 1244 sunt
191 1201 226 1244 se
242 1180 312 1244 fore
333 1179 533 1262 tranquillos.
568 1178 729 1261 Quamvis
751 1192 861 1246 autem
880 1205 947 1246 non
969 1183 1063 1248 dissi·
1113 1183 1266 1265 incipere.
1295 1181 1479 1260 Caeterum,
1498 1190 1537 1247 ut
1553 1181 1727 1248 concedam
1746 1182 1785 1247 de
1802 1182 1963 1264 baptismo
1986 1184 2085 1250 verba

87 1263 226 1343 malent,
249 1265 283 1328 iu
296 1264 443 1329 doctriua
460 1286 495 1330 se
518 1286 604 1331 amc
623 1265 815 1349 discrepare,
832 1271 871 1342 ¹⁴)
895 1290 930 1333 se
952 1277 1062 1334 tamen
1113 1269 1194 1346 fieri,
1216 1288 1283 1332 non
1305 1277 1416 1332 tamen
1438 1270 1581 1350 praecise
1597 1278 1734 1352 urgetur
1751 1269 1937 1346 necessitas,
1956 1266 2013 1332 sed
2035 1271 2095 1335 vie

87 1347 224 1415 daturos
256 1370 388 1432 operam
420 1352 626 1434 promittuut,
656 1374 698 1417 ne
725 1354 957 1419 certaminibus
990 1362 1062 1419 tur·
1113 1363 1165 1418 tae
1188 1353 1326 1418 novitati
1351 1362 1526 1418 externum
1548 1355 1679 1438 signum
1703 1353 1835 1419 additur
1856 1363 2013 1435 tanquam
2031 1376 2083 1422 ac·

88 1434 210 1500 bantur
232 1436 394 1502 acclesiae.
429 1435 540 1518 Quum
564 1458 642 1502 vero
659 1437 707 1502 illi
731 1459 783 1503 me
795 1438 923 1503 fidelem
936 1439 1061 1506 Christi
1112 1440 1229 1506 cessio:
1252 1461 1290 1504 ac
1312 1439 1341 1504 si
1363 1439 1487 1503 dictum
1505 1447 1599 1515 esset,
1623 1461 1686 1504 non
1709 1448 1822 1522 patere
1842 1441 2027 1522 ingressum
2047 1443 2083 1506 in

87 1542 221 1586 servum
255 1531 443 1605 agnoscant,
476 1536 511 1588 et
542 1523 583 1587 de
615 1523 751 1589 ecclesia
781 1525 863 1589 bene
895 1527 1060 1605 meritum,
1112 1546 1249 1609 reguum
1272 1524 1336 1588 Dei
1356 1525 1477 1606 absque
1499 1528 1586 1590 vitae
1609 1529 1763 1601 novitate,
1786 1527 1878 1591 cuius
1897 1525 2082 1608 symbolum

87 1606 186 1672 valde
196 1608 334 1673 miratus
356 1629 438 1685 sum,
461 1631 562 1691 quum
583 1630 689 1692 nuper
705 1609 948 1687 contenderent,
973 1612 1061 1676 domi
1112 1626 1162 1677 est
1191 1611 1381 1692 baptismus.
1425 1609 1519 1675 Certe
1553 1611 1719 1686 Lutberaa
1753 1615 1847 1676 cuins
1879 1631 1998 1674 nomen
2026 1612 2080 1677 isti

86 1694 198 1775 potius
220 1701 254 1757 et
276 1692 444 1758 afeminis
461 1694 671 1776 baptisaudos
692 1716 763 1760 esse
787 1697 939 1773 infantes,
964 1718 1061 1780 quam
1111 1698 1230 1780 ubique
1259 1697 1450 1771 obtendunt,
1477 1697 1558 1762 scite
1579 1698 1715 1772 notavit,
1746 1718 1845 1778 quum
1874 1696 1951 1761 dicit
1970 1696 2081 1763 Chris·

86 1786 128 1843 ut
160 1779 266 1845 evita
297 1781 441 1862 migrent
473 1778 593 1863 absque
623 1781 792 1862 baptismo,
823 1803 876 1847 me
893 1783 1013 1847 odiose·
1026 1784 1060 1848 iu
1112 1794 1167 1847 tus
1189 1781 1276 1864 apud
1298 1783 1462 1847 Marcum:
1507 1782 1666 1864 Quisquis
1690 1782 1865 1847 crediderit
1885 1793 1918 1844 et
1940 1783 2080 1864 baptisa-

86 1865 213 1930 crimen
234 1867 381 1930 traxisse.
394 1869 434 1943 ¹⁶)
458 1864 496 1931 Si
514 1875 641 1931 tantum
666 1867 954 1950 reprehendissent
976 1869 1061 1951 quod
1111 1875 1166 1932 tus
1188 1868 1288 1932 fuerit
1311 1868 1422 1933 salvus
1448 1868 1519 1943 erit,
1546 1891 1608 1932 uon
1640 1882 1787 1950 repetere
1817 1865 1958 1932 meando
1981 1888 2083 1933 mem·

86 1949 196 2028 doceo,
219 1951 390 2015 ferendum
413 1965 497 2015 erat:
528 1952 584 2016 sed
607 1952 685 2016 dum
708 1952 822 2018 Gallos
845 1955 966 2018 iactant
987 1975 1060 2019 meo
1112 1953 1183 2018 bro:
1225 1952 1383 2035 Quisquis
1412 1974 1478 2017 non
1508 1955 1607 2018 fuerit
1643 1955 1823 2034 baptisatus
1853 1953 2082 2019 condemnabi-

86 2035 238 2119 exemplo
265 2037 354 2120 leges
382 2038 455 2101 aliis
488 2038 571 2102 velle
604 2038 780 2121 imponere,
815 2046 911 2121 atque
933 2040 1061 2104 addunt
1111 2050 1173 2103 tur.
1218 2039 1303 2103 Nam
1329 2041 1356 2102 si
1390 2040 1513 2121 absque
1540 2039 1702 2121 baptismo
1735 2039 1826 2103 nulla
1848 2048 1898 2102 est
1914 2039 2010 2113 salus,
2035 2040 2081 2105 la·

85 2122 188 2185 ctiam
209 2123 262 2188 hic
284 2121 493 2207 tyrannidem
516 2145 677 2201 exercere,
696 2125 756 2189 hoc
779 2125 943 2189 fraternae
961 2124 1060 2190 bene-
1110 2134 1238 2189 trouem
1260 2126 1314 2207 qui
1336 2126 1368 2188 iu
1383 2146 1518 2207 regnum
1532 2124 1593 2189 Dei
1609 2124 1771 2189 admissus
1789 2135 1838 2189 est
1860 2124 1980 2206 absque
2002 2124 2082 2208 bap·

85 2207 251 2272 velentiae
280 2228 377 2289 quam
410 2208 491 2273 mihi
519 2229 579 2291 per
608 2210 718 2274 literas
742 2217 821 2275 snut
841 2211 975 2292 polliciti
998 2212 1059 2276 mi·
1110 2213 1217 2286 tismo,
1247 2231 1379 2275 necesse
1408 2213 1470 2274 erit
1498 2210 1575 2274 inde
1602 2210 1735 2274 retrahi.
1777 2212 1887 2290 Atque
1904 2222 1942 2273 ut
1963 2211 2081 2278 melius

84 2294 174 2358 nime
208 2294 389 2376 respondet.
441 2298 489 2359 Ac
523 2295 563 2358 de
597 2297 772 2378 tyrannide
806 2298 937 2379 quidem
961 2319 1058 2378 quarn
1110 2296 1245 2361 tollatur
1265 2297 1371 2360 omnis
1383 2294 1550 2371 dubitatio,
1563 2317 1691 2377 semper
1704 2296 1882 2360 tenendum
1905 2294 1965 2360 hoc
1987 2297 2079 2377 prin·

82 2378 197 2462 putida
223 2381 267 2443 eit
297 2380 469 2456 calumnia,
493 2380 658 2449 liudicium
688 2380 845 2446 fratribus
868 2392 901 2447 et
923 2383 1058 2466 collegis
1109 2383 1232 2464 cipium
1255 2393 1313 2458 est,
1348 2402 1414 2444 nou
1435 2381 1575 2446 conferri
1606 2381 1802 2463 baptismum
1835 2381 2015 2445 infantibus
2041 2395 2079 2448 ut

82 2466 165 2529 meis
196 2464 320 2544 desem,
355 2467 409 2548 qui
431 2476 519 2531 certe
542 2487 709 2548 nunquam
731 2471 900 2550 conquesti
923 2480 1001 2532 sunt
1023 2491 1057 2534 se
1109 2469 1167 2532 filii
1198 2469 1260 2532 Dei
1278 2468 1359 2531 fiant
1380 2476 1412 2530 et
1435 2467 1605 2530 haeredes:
1636 2467 1692 2532 sed
1715 2467 1792 2548 quia
1808 2467 1872 2530 iam
1896 2487 1933 2530 eo
1955 2465 2025 2532 loco
2046 2477 2081 2534 et

79 2551 220 2633 imperio
237 2571 311 2615 meo
323 2553 435 2633 premi.
466 2550 573 2635 Saepe
586 2563 694 2617 autern
707 2573 833 2617 mecum
846 2555 1058 2636 expostulant
1108 2553 1213 2637 gradu
1243 2562 1418 2617 censentur
1446 2552 1533 2634 apud
1566 2551 1684 2630 Deum,
1719 2552 1904 2634 adoptionis
1936 2553 2077 2635 gratiam

82 2636 168 2719 quod
198 2638 296 2702 nimis
322 2638 383 2702 sim
406 2637 551 2714 timidus,
573 2659 634 2703 nce
656 2639 736 2703 satis
760 2639 872 2716 libere,
895 2639 952 2703 ubi
975 2662 1056 2721 opus
1108 2638 1270 2721 baptismo
1292 2638 1455 2721 obsignari
1485 2640 1520 2700 in
1554 2658 1666 2704 eorum
1690 2659 1794 2702 carne.
1836 2637 1966 2720 Alioqui
1988 2649 2077 2704 reete

81 2729 147 2801 est,
181 2725 354 2787 autoritate
382 2744 479 2806 quam
513 2724 689 2805 probarent
717 2745 829 2789 omnes
856 2740 938 2789 utar.
983 2727 1056 2792 Uti·
1108 2745 1163 2790 eos
1187 2724 1385 2806 abaptismo
1404 2736 1554 2789 arcerent
1564 2725 1810 2807 Anabaptistae.
1840 2723 1911 2788 Nisi
1934 2724 2075 2789 enimin

82 2827 160 2872 nam
193 2807 344 2873 viderent
376 2830 473 2890 quam
503 2809 592 2874 duris
624 2810 749 2892 legibus
770 2832 889 2875 munus
919 2810 1055 2877 docendi
1108 2831 1162 2874 eos
1183 2822 1347 2892 competat
1368 2811 1496 2874 externi
1526 2810 1612 2891 signi
1630 2811 1762 2885 veritas,
1785 2831 1877 2875 mera
1894 2809 2076 2891 profanatio

81 2895 207 2972 obeam,
237 2905 270 2959 et
298 2894 423 2959 interea
453 2914 549 2978 quam
572 2895 656 2959 nihil
678 2895 760 2959 mihi
783 2916 948 2978 arrogem:
968 2906 1055 2962 certe
1108 2896 1322 2979 erit,insigni
1339 2896 1729 2978 ipsiusparticipatiouem
1749 2915 1941 2960 cosvocare.
1974 2896 2078 2960 Porro

80 2980 169 3044 ultro
198 3000 254 3045 eos
284 3001 362 3045 suae
388 2980 532 3045 levitatis
562 2981 707 3063 puderet.
758 2982 831 3046 Etsi
860 2992 970 3046 autem
992 2982 1053 3049 hac
1106 2982 1224 3064 siquis
1247 2981 1446 3064 baptismum
1468 2980 1533 3045 illis
1555 2989 1661 3064 neget,
1684 2983 1895 3064 inpromptu
1911 2982 2005 3046 nobis
2027 2991 2076 3046 est

80 3064 240 3130 modestia
257 3065 479 3148 improborum
494 3068 663 3131 hominum
686 3088 813 3132 morsus
835 3090 900 3133 non
923 3069 1052 3151 effugio,
1106 3068 1281 3150 responsio,
1306 3068 1372 3132 iam
1402 3087 1474 3131 esse
1502 3089 1541 3131 ex
1566 3088 1665 3150 grege
1686 3066 1812 3132 Christi
1833 3078 1924 3130 etex
1942 3064 2005 3130 Dei
2027 3068 2075 3132 fa-

80 3152 164 3215 mihi
192 3163 301 3216 tamen
324 3152 445 3216 sufficit
466 3174 532 3217 non
562 3152 656 3216 medo
679 3154 903 3228 conscientiae,
926 3152 982 3218 sed
1005 3156 1053 3218 rei
1106 3154 1204 3230 milia,
1225 3153 1378 3235 quoniam
1399 3152 1511 3217 foedus
1533 3153 1657 3228 salutis,
1677 3153 1762 3234 quod
1784 3152 1876 3217 Dens
1898 3172 1971 3214 cnm
1994 3153 2074 3217 fide-

80 3238 181 3319 ipsins
211 3247 244 3303 et
271 3238 377 3302 clarae
407 3240 626 3321 experientiae
654 3240 888 3316 testimoninm,
911 3261 974 3322 quo
997 3241 1053 3305 ab·
1105 3238 1191 3303 libus
1224 3239 1408 3321 paciscitur,
1442 3239 1518 3304 filiis
1551 3239 1650 3302 etiam
1679 3259 1851 3303 commune
1879 3247 1947 3302 est:
1978 3238 2073 3303 sicuti

80 3323 168 3387 uude
190 3323 350 3388 refellitur
367 3323 523 3405 quidquid
541 3324 654 3407 procul
676 3324 829 3390 malevoli
851 3325 1052 3410 obstrepunt
1104 3324 1203 3388 etiam
1237 3326 1335 3390 verba
1367 3334 1498 3388 sonant:
1522 3325 1589 3388 Ero
1611 3325 1702 3388 Deus
1720 3331 1796 3389 tuus
1818 3332 1850 3387 et
1872 3325 2005 3388 seminis
2026 3325 2075 3388 tui

79 3409 190 3473 Velim
203 3419 314 3474 tamen
327 3411 366 3475 ab
384 3411 464 3491 ipsis
475 3412 567 3488 scire,
580 3411 696 3492 quibus
715 3424 781 3474 tam
792 3411 903 3492 procul
916 3412 1054 3477 molesta
1104 3420 1177 3491 post
1205 3419 1247 3473 te.
1293 3411 1427 3487 (Genes.
1461 3415 1508 3487 17,
1538 3416 1583 3480 1.)
1612 3409 1739 3492 Nisi¹⁰)
1766 3407 1972 3490 praecederet
1994 3408 2073 3475 haec

79 3506 129 3560 est
152 3517 225 3560 mea
247 3504 400 3578 potestas,
423 3497 499 3578 qnid
517 3498 552 3560 in
574 3518 627 3561 me
640 3497 846 3580 tyrannicum
871 3495 1052 3580 deprehen·
1104 3496 1286 3578 promissio,
1309 3517 1372 3578 qua
1391 3497 1482 3560 Deus
1503 3495 1624 3559 liberos
1646 3495 1790 3559 fidelium
1814 3493 1958 3558 nondum
1980 3507 2074 3561 natos

79 3579 199 3645 derint.
243 3586 293 3645 An
316 3582 391 3663 quia
411 3604 463 3646 me
485 3581 696 3646 adrationem
719 3580 916 3647 reddendam
939 3583 1052 3662 obtuli,
1104 3580 1245 3664 adoptat.
1270 3602 1440 3664 perperam
1472 3581 1537 3645 illis
1567 3582 1762 3663 baptismum
1791 3580 1930 3643 conferri
1948 3591 2073 3644 certum

79 3666 143 3730 iter
176 3666 310 3749 longum
329 3678 363 3730 et
386 3667 515 3733 difficile
534 3679 666 3749 paratus
684 3668 731 3730 fui
754 3669 918 3750 suscipere
941 3669 976 3734 in
998 3691 1052 3734 eo·
1104 3679 1161 3731 est
1207 3667 1278 3730 Iam
1297 3688 1426 3749 quaero,
1445 3691 1486 3730 an
1510 3665 1575 3730 Dei
1594 3665 1729 3730 verbum
1753 3675 1866 3747 suapte
1889 3667 2011 3730 virtute
2032 3666 2072 3731 ad

78 3772 154 3817 rum
187 3754 337 3835 gratiam,
371 3763 403 3816 et
431 3775 530 3835 quum
564 3775 659 3817 nemo
681 3775 826 3836 unquam
851 3754 982 3819 verbulo
1000 3777 1053 3819 me
1104 3753 1240 3816 salntem
1272 3755 1419 3828 sufficiat,
1454 3772 1496 3815 an
1526 3773 1603 3817 vero
1622 3749 1753 3815 aliunde
1775 3761 1946 3815 mutuetur
1967 3752 2073 3816 subsi-

79 3839 264 3914 salutasset,
299 3859 352 3903 eos
382 3840 552 3917 anteverti,
575 3837 646 3903 ideo
670 3859 809 3922 regnum
828 3850 981 3922 appetere
1004 3842 1051 3905 vi·
1105 3838 1204 3915 dium,
1234 3860 1297 3920 quo
1326 3839 1516 3920 suppleatur
1549 3837 1693 3902 defectus
1716 3837 1767 3901 vol
1789 3837 1963 3900 iufirmitas
1980 3839 2071 3901 iuve-

78 3945 134 3989 sus
168 3924 264 3989 sum?
320 3925 420 3989 Certe
453 3925 551 3990 nimis
580 3925 778 3989 stomachosi
812 3937 890 3989 suut
923 3927 950 3990 si
983 3934 1051 3990 tam
1104 3924 1179 3989 tur?
1211 3923 1248 3990 Si
1267 3925 1436 4005 promissio
1457 3923 1537 3988 haec
1559 3944 1618 4006 per
1639 3943 1674 3988 se
1696 3941 1760 3986 nou
1783 3921 1927 3987 creditur
1947 3921 2073 4000 efficax,

80 4010 202 4075 amicas
235 4010 436 4076 conditiones
470 4032 623 4094 respuere
656 4033 722 4075 non
756 4013 899 4076 contenti
919 4013 1052 4094 insuper
1105 4031 1170 4075 non
1198 4010 1293 4075 modo
1321 4011 1426 4074 virtus
1448 4008 1521 4087 Dei,
1552 4009 1730 4073 sedetiam
1753 4009 1861 4090 gratia
1890 4019 1923 4070 et
1951 4009 2073 4072 veritas

80 4097 328 4161 exacerbantur.
367 4098 480 4178 Neque
503 4112 612 4161 tamen
636 4098 755 4162 efficiet
772 4119 884 4162 eorum
903 4098 1052 4162 inhuma·
1104 4107 1241 4161 externo
1259 4098 1352 4178 siguo
1375 4095 1572 4178 alligabitur.
1606 4094 1658 4159 Ita
1675 4095 1728 4157 isti
1741 4092 1898 4163 homines,
1921 4091 1998 4156 dum
2021 4113 2072 4156 or·

81 4183 167 4246 nitas
190 4192 229 4245 ut
249 4203 302 4245 me
324 4202 466 4265 uuquam
491 4183 633 4265 suscepti
652 4184 751 4248 officii
772 4185 944 4265 poeniteat.
985 4182 1052 4248 Sed
1105 4203 1182 4246 nare
1204 4182 1400 4263 baptismum
1434 4180 1644 4258 contendunt,
1668 4200 1804 4262 gravem
1833 4180 1903 4242 Deo
1936 4179 2072 4261 ignomi-

80 4267 163 4331 mihi
185 4267 274 4331 dolet
295 4280 363 4332 tam
382 4268 616 4334 inconsiderate
633 4269 720 4352 ipsos
742 4291 836 4334 ruere
860 4272 896 4332 in
917 4270 1052 4334 fratrem
1105 4268 1193 4330 niam
1225 4268 1380 4350 irrogant.
1425 4266 1498 4330 lam
1531 4287 1609 4330 vero
1638 4264 1715 4347 quid
1748 4273 1797 4328 tot
1825 4262 1899 4326 lotis
1927 4264 1993 4340 fiet,
2016 4263 2072 4327 ubi

81 4353 272 4431 innoxium,
306 4365 343 4418 ut
371 4377 412 4418 ne
435 4353 474 4419 ab
503 4355 605 4418 atroci
637 4354 767 4437 quidem
796 4356 917 4420 iniuria
950 4357 1051 4421 abeti·
1104 4353 1256 4417 Christus
1281 4353 1350 4418 sola
1380 4351 1443 4416 fide
1466 4362 1638 4417 contentus
1661 4349 1733 4415 est‘l
1777 4349 1955 4432 Negabunt
1972 4347 2070 4412 fidem

82 4452 190 4503 noant.
236 4439 332 4519 Quod
364 4440 405 4503 ad
439 4461 506 4504 rem
540 4441 646 4523 ipsam
676 4450 809 4522 spectat,
844 4463 908 4506 non
938 4443 1051 4525 ignoro
1105 4439 1304 4520 abaptismo
1328 4438 1481 4520 separari.
1525 4438 1644 4500 Fateor
1666 4434 1806 4517 quidem,
1829 4435 1883 4499 ubi
1902 4434 1971 4498 eius
1987 4435 2069 4499 reci-

83 4546 180 4606 quam
210 4524 276 4589 alte
303 4526 405 4590 infixa
433 4527 475 4590 sit
497 4528 676 4590 multorum
700 4528 849 4592 cordibus
881 4528 959 4592 haec
982 4549 1053 4609 per·
1104 4524 1213 4606 piendi
1246 4524 1343 4588 datur
1375 4524 1609 4605 opportunitas.
1654 4521 1779 4584 Verum
1812 4522 1840 4584 si
1872 4541 1981 4601 quem,
2015 4519 2070 4583 ubi

83 4612 199 4688 suasio,
229 4613 284 4693 qui
312 4613 382 4676 sine
406 4612 565 4694 baptismo
596 4612 767 4677 discedunt
798 4637 839 4677 ex
858 4613 979 4676 mundo
1001 4615 1051 4677 in·
1104 4609 1227 4675 Christi
1261 4610 1467 4692 evangelium
1500 4609 1598 4672 t'uerit
1631 4606 1812 4688 amplexus,
1842 4605 1947 4669 subita
1983 4627 2070 4671 mors

81 4695 198 4775 fantes,
227 4719 283 4762 eos
312 4718 332 4761 a
353 4719 410 4779 spe
432 4699 549 4762 salutis
579 4698 717 4763 excludi.
764 4697 830 4763 Sed
860 4719 956 4780 quam
986 4698 1052 4763 levi
1104 4697 1217 4778 rapiat,
1241 4717 1282 4759 an
1300 4695 1373 4759 ideo
1403 4694 1554 4759 addicent
1574 4693 1674 4757 exitio
1696 4693 1772 4774 quia
1794 4704 1928 4755 externa
1950 4691 2069 4755 lotione

82 4791 255 4865 praetextu
267 4783 444 4847 invaluerit
466 4785 519 4847 hic
530 4806 629 4862 error,
653 4783 751 4848 simul
769 4784 953 4866 expendere
976 4805 1052 4848 con·
1103 4781 1214 4846 caret?
1263 4784 1385 4844 Annon
1415 4797 1540 4844 veteres
1568 4780 1720 4843 historiae
1739 4777 1889 4859 exempla
1911 4778 2069 4859 quaedam

83 4871 181 4933 venit.
227 4868 358 4933 Citatur
386 4868 511 4935 celebre
539 4869 619 4934 illud
650 4870 774 4935 Christi
798 4870 934 4935 dictum:
980 4870 1052 4934 Nisi
1102 4878 1286 4949 martyrum
1315 4866 1532 4949 suppeditant,
1563 4865 1617 4947 qui
1648 4865 1736 4946 prius
1761 4863 1857 4928 tracti
1874 4865 2006 4927 fuerunt
2028 4863 2069 4926 ad

85 5008 285 5017 w„
1103 4953 1296 5035 supplicium
1325 4974 1343 5016 a
1371 4951 1529 5036 tyrannis,
1550 4971 1648 5034 quam
1676 4970 1710 5013 se
1733 4949 1773 5013 ad
1796 4950 1994 5031 baptismum
2011 4948 2067 5012 ob-

168 5090 212 5218 fdi
230 5089 392 5214 {defferri
413 5160 562 5229 Westptuli
577 5162 675 5216 librum
693 5160 726 5214 dr
743 5161 885 5229 baptismo,
905 5161 970 5228 Arp.
983 5157 1050 5212 1556

83 5227 160 5285 edito.
198 5227 239 5295 Cf.
260 5228 437 5299 Mdncteberp
453 5247 480 5298 p.
498 5228 539 5285 67.
1188 5224 1234 5291 16)
1251 5226 1326 5280 Hinc
1344 5226 1475 5280 Caluinus
1490 5227 1556 5294 iper,
1575 5238 1658 5292 aaqttc
1675 5222 1714 5276 ad
1729 5224 1817 5285 finem.
