4754 5880
286 309 326 368 71
1031 301 1293 370 EPISTOLAE
1315 305 1523 368 aros-2411
2243 306 2285 367 72

285 512 389 575 reque
421 489 579 575 religione
606 490 780 569 imbuatur,
821 511 862 555 ne
893 489 962 555 ullc
993 488 1089 555 modo
1119 489 1259 555 fanatica
1309 497 1419 555 essent
1449 498 1598 554 extrema
1625 489 1769 555 consilia.
1813 486 1870 556 Sic
1898 498 2122 572 comparatum
2143 499 2195 556 eat
2211 491 2284 557 iure

288 576 347 641 illa
370 577 424 641 lue
447 576 714 641 Lutheranorum
736 576 901 640 inficiatur
918 576 973 658 qni
995 595 1061 640 non
1079 576 1189 641 minus
1207 574 1258 638 in·
1309 585 1347 638 ut
1373 574 1429 657 qui
1457 572 1582 640 iudices
1608 595 1679 640 esse
1708 574 1828 640 debent
1854 576 1936 640 fiant
1957 576 2198 642 intercessores.
2244 575 2283 642 Si

289 663 375 728 fenei
403 660 576 743 infestique
605 671 683 726 sunt
712 660 813 739 nobis,
842 681 941 743 quam
964 662 1102 727 summis
1122 660 1258 743 papistis
1308 671 1435 725 certum
1460 681 1594 726 cursum
1612 669 1723 725 tenere
1745 681 1812 725 non
1834 681 2015 742 possumus,
2037 670 2183 743 praestat
2206 683 2282 726 nos-

290 769 327 813 ac
357 747 583 829 Anabaptistis
608 747 696 828 ipsis,
722 768 764 812 ne
797 744 901 812 dicam
926 748 1041 830 magis.
1092 745 1259 812 Admonui
1308 754 1394 810 tram
1416 765 1569 811 accusare
1591 745 1757 812 lenitatem
1779 767 1877 828 quam
1890 748 2108 829 asperitatem,
2131 745 2281 812 simodo

288 853 377 897 nunc
411 831 576 897 Calvinum
609 830 685 895 dum
719 831 759 897 de
792 854 827 897 re
858 833 1110 898 sacramentaria
1137 831 1258 909 scribit,
1308 851 1347 895 ea
1370 840 1419 895 est
1448 829 1625 896 moderatio
1648 852 1732 914 quae
1754 852 1821 895 non
1843 833 1886 896 sit
1907 833 2039 914 penitus
2056 831 2279 898 intolerabilis.

290 919 330 983 ab
343 918 580 983 obscurioribus
599 916 751 1000 loquendi
772 916 958 994 formulis2)
971 917 1148 984 abstineret
1165 937 1258 999 prop·
1395 916 1528 981 Interea
1552 916 1652 995 ,valde
1674 915 1851 982 discrucior
1873 919 1966 981 novis
1988 917 2145 983 molestiis
2162 918 2281 1000 quibus

290 1012 340 1068 ter
372 1003 514 1068 rationes
547 1004 663 1078 varias,
692 1024 773 1084 quas
802 1024 868 1067 non
890 1012 939 1068 cst
972 1023 1088 1086 operae
1116 1003 1257 1086 pretium
1308 1020 1384 1065 oum
1418 1001 1591 1078 veteribus,
1620 1023 1756 1084 quarum
1781 1003 1849 1066 iam
1871 1013 1941 1067 erat
1964 1003 2036 1085 plus
2059 1005 2148 1081 satis,
2171 1003 2279 1068 indies

289 1088 375 1170 apud
405 1098 438 1153 te
466 1109 643 1165 recensere,
674 1097 757 1153 otte
778 1107 868 1172 rogo,
889 1100 1010 1171 quanto
1035 1106 1166 1173 possum
1188 1096 1258 1152 stu·
1309 1088 1416 1170 magis
1438 1098 1535 1170 atque
1557 1091 1662 1172 magis
1679 1089 1848 1169 torqueris.
1894 1086 1961 1153 Sed
1982 1088 2060 1171 quid
2081 1088 2187 1171 agas?
2227 1088 2279 1154 Ne

290 1170 352 1251 dio,
371 1185 407 1239 ut
427 1183 461 1237 ct
483 1182 520 1238 tu
542 1184 575 1238 et
592 1175 633 1239 D.
654 1173 841 1239 Bibliaader
863 1195 937 1239 eum
960 1174 1057 1240 huius
1079 1175 1179 1239 etiam
1201 1171 1258 1239 ad·
1309 1173 1389 1238 haec
1416 1173 1547 1255 quidem
1577 1174 1647 1238 sine
1676 1174 1819 1238 numine.
1864 1173 2131 1256 Exspectandum
2152 1187 2281 1256 tempus

290 1260 458 1324 moneatis.
504 1257 672 1340 Quantum
698 1260 786 1322 enim
808 1259 945 1343 periculi
965 1260 1083 1324 inillis
1104 1257 1258 1342 loquendi
1309 1266 1359 1323 est
1380 1279 1445 1340 quc
1467 1260 1582 1323 statuit
1599 1258 1763 1323 Dominus
1784 1259 1865 1323 haec
1886 1260 1996 1324 omnia
2017 1261 2052 1323 in
2074 1259 2280 1325 adversarios

290 1344 438 1409 formulis
466 1345 509 1409 sit
541 1346 657 1423 situm,
691 1345 752 1427 ipsi
782 1366 834 1409 me
867 1345 970 1409 multo
999 1345 1116 1409 melius
1144 1345 1256 1410 nostis.
1310 1354 1505 1426 retorquere.
1539 1345 1591 1408 Tu
1608 1345 1735 1409 interea
1753 1345 1889 1427 persiste
1900 1345 1992 1409 fortis
2003 1345 2038 1408 in
2060 1353 2117 1409 tua
2127 1345 2279 1409 statione.

293 1464 963 1478 -----------
986 1430 1115 1496 Nordae
1147 1431 1258 1513 Phry·
1309 1426 1500 1511 Sequuntur
1527 1429 1733 1512 gloriosiores
1754 1430 1907 1495 victoriae
1933 1429 2016 1495 bella
2039 1429 2278 1513 periculosiora

290 1515 413 1582 siarum
439 1520 528 1580 1556.
552 1521 580 1580 9.
604 1516 727 1581 Martii.

688 1654 779 1717 Tuus
801 1661 838 1716 ut
860 1674 947 1731 suus,
971 1653 1017 1718 lo.
1039 1652 1257 1719 Utenhovius.

728 2181 827 2250 2409.

554 2334 756 2400 visurus
780 2335 994 2401 OALVINO.

380 2505 443 2584 Quo
476 2506 580 2568 animo
608 2511 636 2570 et
669 2526 733 2586 pac
765 2508 885 2571 ratione
914 2506 999 2571 litem
1030 2528 1100 2573 cam
1138 2507 1258 2573 mlum·

290 2590 464 2740 mortim
505 2592 588 2654 inire
617 2612 678 2655 aaa
717 2611 862 2657 recusare
894 2594 1041 2672 potuerit.
1097 2593 1258 2663 Zerttntes

367 2696 447 2739 aar.

446 2847 500 2910 (Ex
518 2846 686 2914 autographo
704 2847 768 2900 Cod.
787 2847 886 2902 Gener.
903 2848 961 2912 115,
980 2848 1024 2901 iol.
1042 2847 1096 2910 50.)

376 3016 505 3080 Eximio
534 3017 660 3082 Christi
692 3039 786 3082 servo
814 3020 855 3082 D.
884 3018 1001 3083 Ioanni
1030 3020 1168 3085 Calvino
1190 3022 1254 3088 fido

289 3098 494 3166 Genevensis
527 3102 679 3167 ecclesiae
708 3105 830 3185 pastori
870 3106 962 3169 fratri
992 3114 1025 3169 et
1053 3120 1254 3191 symmystae

287 3187 549 3252 coniunctissimo
572 3209 609 3252 ac
630 3189 808 3270 plurimum
829 3190 1039 3255 observando.

1003 3277 1167 3344 Genavae.

374 3440 408 3506 S.
433 3443 503 3526 Ego
527 3463 603 3508 vero
625 3444 711 3508 idem
729 3445 809 3509 mihi
822 3449 932 3528 optavi
954 3448 1039 3529 quod
1057 3451 1129 3515 iure
1151 3463 1252 3533 optus.

285 3525 476 3591 Maluissem
505 3530 609 3611 excipi
636 3529 762 3609 dumus,
791 3542 823 3596 et
852 3553 967 3598 causae
989 3555 1053 3598 non
1076 3556 1167 3601 meae
1197 3538 1254 3602 sed

285 3611 409 3676 (lhristi
438 3615 602 3692 maiorem,
631 3627 668 3679 ut
696 3618 889 3693 merebatur,
916 3620 1077 3684 rationem
1110 3621 1253 3686 habitam

286 3716 365 3762 esse.
410 3696 475 3762 Sed
503 3701 557 3764 ubi
579 3702 678 3766 totius
700 3702 747 3766 rei
768 3713 878 3785 gestae
893 3703 915 3788 ¹)
939 3704 1108 3783 historiam
1125 3708 1254 3789 plenius

286 3802 323 3847 ac
341 3785 462 3848 certius
483 3787 685 3867 cognoveris,
704 3788 868 3872 intelliges
890 3790 986 3854 aliter
1007 3813 1080 3857 mea
1098 3813 1139 3857 ex
1162 3804 1253 3876 parte

285 3868 356 3932 fieri
379 3890 444 3934 non
466 3871 619 3951 potuisse.
663 3871 845 3940 Obfirmavi
866 3875 973 3957 quoad
994 3878 1084 3959 potui
1106 3879 1253 3943 animum

284 3974 327 4017 ne
357 3975 409 4018 me
437 3956 530 4020 facilc
559 3956 646 4021 vinci
669 3968 805 4041 paterer.
863 3962 944 4026 Dixi
966 3963 1046 4028 satis
1068 3965 1158 4046 gravi
1180 3985 1253 4029 ora·

285 4038 374 4103 tione
397 4061 480 4122 quae
508 4062 605 4107 causa
633 4043 826 4124 postulabat.
868 4045 1019 4128 Suspeoti
1041 4059 1137 4113 erant
1158 4050 1252 4116 valde

284 4132 352 4187 tam
386 4124 495 4189 blaudi
527 4128 733 4209 quorundam
765 4129 885 4195 vultus.
931 4134 1002 4217 ugo
1031 4136 1092 4200 etsi
1125 4157 1164 4200 ea
1184 4157 1252 4200 non

284 4230 356 4275 sum
383 4211 592 4277 modestiaet
621 4214 871 4281 mansuetudine
903 4239 967 4300 qua
996 4241 1047 4284 me
1060 4219 1252 4303 ,praeditum

285 4317 355 4360 esse
377 4296 481 4378 cupio,
504 4298 607 4363 fateor
628 4311 738 4364 tamen
750 4311 887 4367 naturae
908 4325 1000 4369 meae
1022 4308 1056 4369 in
1074 4308 1252 4373 resistendo

284 4382 354 4445 vim
366 4381 480 4448 fecisse
492 4384 680 4467 priusquam
691 4385 867 4469 quidquam
878 4390 1097 4456 concederem.
1120 4393 1253 4475 Lupum

285 4467 416 4532 auribus
438 4470 598 4534 tenebam.
631 4471 831 4554 Quocunque
854 4495 906 4538 me
923 4485 1085 4541 verterem
1102 4477 1253 4543 videbam

285 4572 338 4615 me
359 4572 425 4616 non
455 4575 548 4636 posse
570 4557 740 4621 hominum
762 4559 943 4625 calumnias
964 4562 1116 4645 effugere.
1158 4563 1253 4647 Elegi

286 4637 466 4702 amicorum
504 4640 728 4708 moderatioris
761 4645 886 4729 ingenii
918 4647 1053 4713 consilio
1088 4649 1172 4730 quod
1201 4671 1254 4714 me

285 4723 390 4806 magis
432 4723 545 4791 decere
577 4726 757 4794 videbatur.
808 4731 970 4797 Videbam
1001 4733 1081 4815 qnid
1114 4734 1255 4800 allatura

308 5014 310 5019 -
388 4978 418 5043 2)
438 4978 509 5034 Ecce
534 4997 632 5047 parum
657 4990 751 5050 patum
778 4984 1043 5055 mispharmutusis,
1075 4989 1121 5042 cai
1147 4987 1256 5045 wear

283 5047 405 5112 formala
422 5049 537 5102 obseura
553 5050 654 5104 dicitur
670 5055 737 5121 qaia
755 5056 784 5105 ia
801 5056 919 5122 simplici
934 5057 1156 5123 interpretatione
1173 5075 1253 5128 qaam

284 5115 364 5169 bodie
381 5118 617 5171 rationedictum
635 5119 783 5175 diceremus
800 5139 855 5176 ooo
873 5124 1002 5179 misiam

282 5183 417 5253 accat)
436 5186 491 5240 litr'c
509 5203 567 5240 cam
594 5188 730 5244 Vandciio.

1332 1535 1335 1542 ’
1396 1514 1555 1580 letinae
1584 1516 1652 1581 suis
1681 1515 1784 1581 literis
1795 1520 1822 1589 ²)
1853 1515 1940 1580 idem
1969 1515 2069 1580 refert
2088 1515 2174 1598 quod
2198 1516 2278 1582 alias

1309 1621 1414 1682 saepe.
1461 1601 1614 1665 Praestat
1646 1600 1726 1666 tales
1749 1600 1869 1665 habere
1896 1602 1960 1683 qui,
1991 1602 2051 1667 etsi
2078 1622 2137 1683 per
2168 1602 2279 1666 omnia

1310 1686 1393 1750 votis
1417 1687 1536 1751 nostris
1558 1708 1623 1750 non
1641 1685 1846 1768 respondent,
1870 1687 1962 1753 nobis
1985 1700 2094 1752 tamar
2116 1707 2184 1751 non
2202 1699 2279 1751 sunt

1310 1772 1441 1835 inimici.
1472 1770 1524 1835 Dc
1547 1782 1651 1836 morte
1664 1772 1774 1838 Abelis
1783 1777 1812 1847 ⁸)
1834 1772 2035 1836 audiveram.
2068 1773 2120 1837 De
2142 1772 2278 1837 alterius

1309 1854 1510 1922 abdicatione
1520 1861 1547 1933 ⁴)
1582 1855 1744 1921 nihildum
1778 1857 2018 1935 intellexeram,
2052 1859 2115 1922 nisi
2144 1856 2185 1922 de
2218 1861 2277 1922 cri-

1310 1942 1406 2006 mine.
1447 1942 1537 2007 Haec
1560 1943 1662 2007 multo
1683 1943 1791 2007 iudico
1813 1944 1964 2026 graviora
1986 1965 2067 2025 quae
2091 1963 2168 2007 vera
2190 1964 2276 2008 com·

1310 2029 1489 2110 pariuntur,
1523 2049 1620 2109 quam
1652 2027 1781 2092 falsae*
1813 2049 1926 2093 omnes
1959 2028 2140 2094 calumniae
2161 2030 2277 2111 quibus

1310 2119 1492 2194 gravantur
1513 2114 1711 2177 innocentes.
1752 2113 1816 2178 Hic
1846 2135 1904 2178 nos
1926 2114 2015 2178 intus
2037 2127 2070 2178 et
2087 2115 2165 2179 foris
2183 2136 2276 2197 opor·

1310 2206 1358 2261 tet
1375 2200 1527 2263 exerceri.
1562 2199 1692 2262 Litcras
1710 2198 1875 2263 Zerkiatae
1897 2198 2001 2264 Besae
2023 2199 2096 2264 dedi
2115 2199 2276 2283 legendas,

1310 2293 1347 2346 ut
1367 2284 1500 2362 iussisti,
1512 2288 1537 2354 5)
1559 2286 1614 2366 qui
1637 2304 1692 2347 eas
1714 2281 1772 2347 tibi
1794 2285 1979 2350 referendas
2001 2289 2136 2349 curavit.
2183 2285 2278 2351 Salu-

1311 2377 1376 2432 tem
1406 2369 1544 2433 multam
1579 2369 1690 2433 dicunt
1717 2371 1814 2433 amici
1843 2391 1965 2446 omnes,
1996 2372 2189 2435 nominatim
2211 2380 2277 2435 tota

1311 2475 1384 2518 mea
1400 2455 1530 2518 familia.
1565 2454 1656 2519 Vale.
1697 2454 1895 2520 Lausannae
1929 2461 1976 2519 13.
2000 2457 2123 2521 Martii.

1794 2592 1884 2655 Tuus
1904 2592 2026 2657 Petrus
2048 2593 2192 2656 Viretus.

1694 2883 1897 2893 ..ι-.-

1742 3098 1839 3169 2410.

1498 3253 1751 3320 HALLERUS
1773 3254 2089 3321 BULLINGERO.

1392 3422 1551 3488 Iudicium
1584 3424 1622 3488 de
1655 3424 1740 3499 eice,
1778 3424 1889 3491 chiai
1927 3430 1955 3489 et
1994 3376 2119 3493 Oairliai
2149 3430 2277 3510 scriptia

1306 3507 1498 3591 apolopaicic
1519 3514 1625 3574 contra
1656 3509 1878 3589 Westpbaiam.
1894 3514 1919 3585 ¹)

1305 3678 1361 3742 (htx
1384 3679 1552 3747 autographo
1570 3679 1649 3732 Arch.
1673 3679 1762 3733 Turio.
1785 3680 1856 3734 Plut.
1875 3681 1920 3735 Vl.
1939 3681 2001 3735 Vol.
2023 3682 2078 3747 115,
2104 3684 2168 3737 olim
2191 3685 2277 3742 Sorin.

1398 3748 1429 3800 B.
1447 3749 1518 3816 Elpp.
1536 3748 1610 3800 Tom.
1631 3747 1700 3800 VIII.
1719 3748 1858 3802 1012955.
1878 3779 1909 3791 -
1929 3751 2034 3804 Simler.
2053 3752 2115 3807 Vol.
2133 3752 2189 3818 87.)

1389 3917 1581 3983 Clarissimo
1608 3919 1678 3984 viro
1705 3920 1747 3984 D.
1776 3921 1967 4005 Heinrycho
2003 3921 2195 4008 Bullingerc
2219 3926 2275 3991 ’11-

1304 4003 1442 4086 gurinae
1464 4002 1617 4069 eccleciae
1637 4006 1760 4087 pastori
1771 4005 2102 4073 fidelissimodomino
2125 4028 2162 4074 ao
2186 4032 2275 4078 com·

1302 4090 1389 4171 patri
1410 4090 1577 4155 carissimo
1600 4098 1633 4153 et
1653 4089 1891 4156 colendissimo.

1305 4469 1345 4478 -
1369 4469 1409 4477 —
1433 4430 1597 4512 Quoniam
1623 4440 1732 4496 autem
1756 4454 1865 4497 meum
1886 4435 2012 4517 expetis
2033 4456 2160 4518 quoque
2188 4439 2277 4503 iudi·

1304 4517 1401 4595 cium,
1431 4518 1582 4598 quamvis
1606 4517 1688 4582 illud
1711 4518 1867 4601 exiguum
1890 4529 1923 4584 et
1945 4518 2070 4584 nullum
2093 4523 2145 4600 sit,
2169 4523 2277 4591 dicam

1407 4718 1592 4785 arcaea

1407 4789 1435 4853 3)
1454 4788 1598 4857 Poapiaaa
1622 4792 1690 4846 obiit
1714 4808 1739 4845 a.
1765 4792 1791 4845 d.
1816 4791 1880 4845 111.
1905 4793 2006 4850 Noaaa
2033 4796 2165 4849 Martias.
2207 4798 2277 4854 Vide

1305 4855 1394 4911 Besae
1411 4861 1534 4923 proriae
1550 4868 1707 4929 sequentem.

1406 4925 1436 4990 4)
1456 4926 1497 4981 Io.
1518 4926 1613 4982 Fabri.
1654 4928 1720 4982 Vide
1737 4928 1801 4982 ibid.

1406 4995 1437 5060 b)
1457 4995 1588 5050 Fortasse
1609 4998 1639 5050 ia
1662 5013 1722 5050 eam
1743 4997 1824 5062 finem
1847 5007 1878 5052 at
1899 4999 1967 5069 qaid
1987 4999 2149 5069 respondere
2167 5002 2275 5059 aeteri

1304 5062 1338 5116 ab
1356 5065 1450 5118 amicir
1468 5065 1585 5119 audiret.

1305 5129 1437 5190 salon
1458 5133 1499 5198 Ol.
1524 5133 1557 5186 de
1582 5132 1662 5186 iidem
1687 5132 1938 5203 Macnckeberpiam
1961 5138 1991 5189 ia
2017 5138 2101 5190 labro:
2134 5138 2276 5210 Westpbai

1304 5199 1364 5254 aad
1383 5199 1487 5268 Ooicia,
1502 5218 1531 5269 p.
1550 5200 1592 5268 52,
1609 5200 1652 5265 84,
1669 5200 1704 5255 87
1722 5204 1832 5257 omnino
1850 5204 1929 5259 aliter
1946 5205 2119 5261 iudicamur.
