4754 5880
992 308 1072 371 1556
1094 304 1191 371 MAL

532 489 632 563 2443.

317 641 652 712 BULLINGERUS
680 642 850 711 Lusco:

182 810 303 891 Denuo,
336 820 364 879 et
394 812 460 896 sere
491 815 603 880 iisdem
635 814 736 880 verbis
768 815 881 897 quibas
909 837 1010 899 caper
1030 819 1068 883 de

94 896 201 963 eodem
222 919 257 963 re
278 899 321 963 acl
345 898 511 965 Caluinam
537 921 616 966 usus
635 902 749 981 suerat,
771 922 864 966 mam
885 903 1068 969 sententiam

94 982 233 1048 declarat
253 983 289 1048 cle
310 985 458 1066 colloquio
479 1008 549 1052 cum
561 985 750 1051 Latlserams
770 987 894 1069 fnestra
916 995 1067 1070 exoptato.

94 1152 393 1275 §hinnulhmcnuensis
406 1159 470 1237 ¹scri
491 1157 653 1237 talhabetur
666 1157 706 1238 ¹iu
729 1156 795 1210 Ood.
813 1157 842 1210 F.
860 1156 908 1241 3⁰⁹.
935 1161 999 1241 olim
1022 1159 1067 1223 45,

119 1222 164 1276 rbl.
183 1239 261 1276 mvsa.
273 1224 435 1278 Turroensrs.
486 1227 637 1348 mli'bilffl.
641 1227 760 1362 )t1tnlum
778 1225 930 1297 adsumpsit
960 1231 1068 1286 Srmler.

401 1463 443 1530 D.
465 1464 582 1530 Ioanni
603 1486 624 1530 a
644 1466 761 1533 Lasco.

183 1630 219 1699 S.
241 1634 281 1698 D.
295 1634 515 1701 Vehementer
538 1638 624 1703 dolet
646 1638 737 1704 nobis
759 1640 907 1706 omnibus
930 1641 1068 1706 adversa

96 1725 154 1782 tua
187 1718 349 1786 valetudo.
403 1723 567 1788 Dominus
600 1726 752 1790 restituat
786 1736 818 1791 te
861 1728 963 1792 nobis.
1003 1728 1070 1792 Pro

95 1803 244 1886 epistolis
276 1808 340 1871 tuis
374 1807 407 1872 in
441 1811 582 1892 patriam
615 1820 706 1875 tuam
734 1811 913 1894 scriptis,¹)
931 1833 1068 1895 maguae

95 1908 157 1974 ago
181 1890 377 1956 humanitati
400 1901 475 1958 tuae
493 1896 625 1978 gratias.
670 1897 865 1979 Perplacent
883 1899 976 1963 nobis
998 1920 1066 1962 om·

95 1975 193 2040 nibus
216 1987 329 2059 utpote
353 1979 407 2062 pie
432 1979 523 2046 docte
555 1989 588 2046 et
610 1981 790 2063 prudenter
808 1985 955 2068 scriptae.
1000 1984 1066 2048 Fa-

94 2061 145 2125 xit
176 2062 341 2129 Dominus
364 2075 401 2129 ut
423 2066 554 2131 uberem
578 2069 745 2149 proferant
768 2070 921 2135 fructum.
965 2069 1066 2152 Apud

95 2166 155 2211 nos
178 2148 379 2231 aliquamdiu
401 2152 485 2215 vixit
508 2152 560 2215 vir
581 2172 683 2218 senex
703 2155 746 2219 D.
769 2154 967 2221 Franciscus
986 2156 1066 2238 Lys-

94 2234 289 2309 maaiaus,²)
319 2236 374 2318 qui
397 2238 528 2320 reginae
551 2238 659 2303 Bonae
686 2241 902 2306 confessiones
929 2239 1065 2318 audivit,

93 2318 219 2384 ordinis
240 2319 329 2385 illius
341 2322 511 2404 seraphici.
542 2323 668 2388 Verum
691 2326 952 2391 monachismum
974 2328 1066 2391 exuit

92 2412 125 2469 et
157 2405 357 2488 aliquamdiu
391 2408 547 2473 Genavae
576 2410 738 2476 habitavit
771 2420 869 2494 atque
900 2412 1065 2481 Calvinum

92 2502 242 2557 nostrum
265 2492 401 2558 audivit.
445 2495 589 2559 Domum
616 2495 657 2560 ad
686 2518 746 2562 uos
769 2499 927 2579 pervenit.
971 2497 1065 2562 Idem

91 2590 264 2643 revocatus
285 2579 325 2649 :in
352 2579 523 2644 Poloniam
550 2601 662 2646 mense
695 2582 851 2648 Ianuario
879 2585 992 2649 relicta
1010 2585 1064 2647 hic

91 2683 194 2727 uxore
217 2663 252 2727 in
264 2664 435 2730 Poloniam
457 2667 619 2748 profectus
638 2677 696 2745 est,
720 2668 849 2733 abunde
867 2669 971 2734 literis
989 2691 1062 2734 nos·

85 2749 152 2813 'tris
175 2748 217 2813 ad
239 2748 496 2817 Serenissimum
523 2753 660 2836 Regem,
690 2753 731 2818 ad
753 2756 917 2837 principes
940 2755 1064 2838 aliquot

91 2843 123 2898 et
145 2835 186 2898 ad
210 2834 320 2901 doctos
338 2847 502 2902 oneratus.
545 2839 783 2922 Exspectamus
806 2842 841 2904 in
863 2842 961 2906 horas
985 2840 1063 2924 quid

90 2921 285 3005 rescribat³)
314 2931 372 2987 aut
399 2924 528 3006 quando
556 2924 678 2991 redeat.
722 2924 843 3008 Sperat
869 2927 924 2992 ille
942 2928 1063 3009 optime

90 3004 129 3071 de
151 3006 297 3072 Polonia.
344 3008 480 3075 Utinam
501 3031 558 3092 spe
579 3031 637 3075 sua
655 3033 723 3077 non
740 3011 880 3078 fallatur.
926 3011 965 3079 si
984 3011 1062 3095 quid

89 3090 244 3158 habueris
267 3094 306 3158 de
331 3096 429 3160 rebus
452 3095 607 3177 polonicis
630 3118 667 3163 ac
689 3099 782 3163 nobis
804 3099 1062 3164 communicave-

89 3178 144 3256 ris,
168 3200 238 3242 rem
260 3180 354 3245 nobis
375 3182 474 3246 facies
496 3183 725 3265 gratissumum.

175 3262 352 3348 Significas
380 3288 472 3349 spem
500 3268 560 3332 tibi
592 3269 664 3333 fieri
693 3269 842 3352 colloquii
864 3269 1059 3335 instituendi

89 3348 129 3414 de
162 3351 395 3433 componendis
428 3352 594 3418 doctrinae
622 3353 765 3421 dissidiis
792 3356 881 3420 inter
914 3377 968 3421 eos
1005 3356 1061 3438 qui

88 3438 283 3519 profitentur
320 3440 538 3522 evangelium.
590 3438 693 3523 Cupis
725 3451 763 3506 ut
795 3443 900 3524 primo
933 3462 1061 3524 quoque

87 3530 235 3605 tempore
265 3525 323 3587 tibi
353 3525 535 3608 significem
563 3526 650 3608 quid,
679 3528 707 3592 si
729 3536 762 3590 et
784 3538 936 3592 nostrum
958 3527 1061 3610 aliqui

88 3618 294 3684 vocarentur,
312 3610 373 3674 tibi
395 3609 434 3676 de
457 3611 548 3676 nobis
561 3612 706 3694 polliceri
728 3614 841 3695 possis.
876 3615 949 3697 Ego
972 3634 1059 3690 vero,

87 3693 313 3760 colendissimo
343 3697 388 3759 mi
418 3697 548 3761 domine
571 3708 603 3762 et
625 3718 753 3782 semper
774 3699 809 3762 in
833 3699 977 3764 Domino
1000 3699 1058 3764 ho·

86 3779 232 3844 norande
261 3794 294 3845 et
324 3783 490 3847 carissime
519 3784 631 3862 frater,
656 3785 740 3848 nihil
762 3784 815 3849 hic
837 3783 1059 3862 dissimulabo,

87 3863 144 3930 sed
171 3866 309 3931 candide
338 3875 371 3931 et
393 3868 494 3933 libere
516 3890 627 3933 meum
645 3869 704 3933 tibi
727 3870 872 3952 aperiam
894 3870 1059 3946 iudicium,

87 3960 120 4015 et
148 3963 182 4014 te
211 3973 268 4016 oro
298 3975 355 4035 per
373 3952 544 4019 Christum
569 3965 606 4019 ut
628 3955 768 4038 benigne
791 3956 952 4022 consulas.
997 3958 1058 4020 At-

87 4057 149 4119 que
162 4036 276 4102 eadem
300 4040 380 4105 haee
392 4039 465 4104 heri
476 4041 593 4122 scripsi
615 4049 648 4105 et
666 4040 706 4105 ad
721 4041 887 4106 Caluinam
898 4054 1057 4107 nostrum.

173 4123 278 4188 Valde
312 4126 410 4190 timeo
434 4127 594 4190 oriturum
623 4148 664 4191 ex
689 4127 857 4208 colloquio,
882 4128 1060 4210 quodcum

87 4207 205 4274 talibus
227 4210 412 4276 instituitur
431 4211 625 4289 hominibus,
638 4211 826 4278 incendium
848 4213 951 4278 multo
974 4215 1059 4295 peri-

87 4294 228 4360 culosius
250 4317 347 4378 quam
371 4297 432 4362 hoe
461 4299 569 4380 ipsum
592 4299 634 4361 sit
656 4299 742 4381 quod
760 4300 949 4383 exstingere
971 4300 1058 4383 cogi·

87 4385 206 4448 tamus.
250 4381 336 4446 Nam
367 4383 424 4459 illi,
454 4405 528 4448 eum
557 4385 674 4465 quibus
705 4384 955 4468 colloquendum
984 4386 1058 4462 erit,

86 4465 138 4530 sel
158 4466 423 4533 vehementiores
444 4491 482 4534 ac
505 4468 601 4550 plane
618 4468 799 4535 Lutherani
821 4481 901 4536 eunt
923 4472 1058 4555 ingenii,

88 4561 125 4615 ut
149 4550 362 4635 Sclraeppllaa
388 4553 543 4630 Stolleias¹
567 4556 821 4638 resumpsere,
852 4556 1058 4639 Wectpbalaa

88 4805 219 4870 malt
237 4808 283 4863 Aa
304 4808 411 4877 Rapum,
429 4816 553 4864 senatum
571 4817 596 4865 et
612 4818 708 4866 status.
744 4813 794 4876 (V.
814 4810 903 4880 2339.)

187 4876 217 4944 2)
239 4877 335 4931 Macae
352 4877 419 4933 Dee.
436 4881 546 4933 ineante
567 4881 660 4936 relicte
682 4879 780 4934 lbrico
801 4881 936 4936 Generum
953 4897 1057 4938 eonas·

87 4954 165 5001 terat
192 4946 263 5000 lade
272 4946 611 5015 Basileuctdrpcatorato
629 4951 766 5004 transieris
780 4950 919 5004 Poloniem
934 4954 1058 5019 petierat.

89 5014 137 5079 (a.
154 5013 226 5068 2353
243 5030 296 5084 aeq.
313 5013 391 5068 2359.
408 5015 486 5070 2361.
504 5016 596 5084 2384.)

187 5082 218 5147 3)
237 5083 300 5137 lam
318 5085 345 5141 d.
363 5084 405 5140 15.
423 5086 493 5154 Apr.
517 5088 554 5140 ad
574 5086 717 5140 Calvinum
743 5087 837 5140 literas
859 5086 945 5153 dedit,
972 5094 997 5141 et
1020 5088 1058 5141 od

87 5166 318 5277 dawnbndawlu
335 5155 476 5222 scripsisse
496 5155 580 5220 locale
597 5156 749 5210 coniecerit.
781 5156 893 5210 Literna
909 5172 973 5211 vero
989 5172 1057 5211 aaa·

122 5239 148 5276 ur
235 5238 291 5275 aa.

2030 309 2090 372 126

1120 502 1152 558 et
1173 493 1272 558 huius
1299 493 1425 559 farinae
1454 492 1619 557 innumeri
1640 492 1705 570 alii,
1728 491 1781 558 vel
1792 491 2032 572 moderatiores,
2053 503 2092 560 ut

1121 577 1324 653 Melcaebtoa,
1356 579 1507 656 Pusaeus,
1537 589 1569 642 et
1592 577 1743 642 nonnulli
1775 579 1833 643 sed
1861 581 1991 660 pauculi
2019 580 2091 662 qui·

1121 663 1196 729 dssm
1219 665 1283 729 alii.
1329 669 1375 729 At
1396 665 1431 728 hi
1450 685 1509 748 pro
1530 663 1656 746 ingenii
1678 667 1727 729 sui
1750 676 1877 737 natura.
1896 689 1960 732 non
1984 666 2090 731 dicam

1120 751 1266 827 mollitio,
1292 750 1405 815 nolent
1430 751 1509 815 istos
1535 749 1709 815 offendere.
1755 749 1810 813 Illi
1840 772 1926 830 vero,
1951 773 2011 835 pro
2040 755 2090 817 in·

1120 835 1265 902 credibili
1288 858 1350 901 sua
1371 837 1553 918 pervicacia
1575 842 1609 900 et
1630 835 1699 900 iera
1726 836 1890 914 barbarie,
1916 859 1958 902 ue
1987 837 2091 902 latum

1119 921 1250 1003 quidem
1280 922 1382 1004 pilum
1415 922 1545 996 cedent,
1584 929 1749 1004 utcunque
1777 942 1873 986 sanas
1906 933 1939 986 et
1972 923 2091 990 multas

1120 1007 1285 1072 audierint
1313 1007 1465 1073 rationes.
1512 1007 1585 1071 Hoc
1607 1007 1694 1071 enim
1730 1029 1789 1073 ceu
1816 1028 1941 1073 sacram
1970 1007 2091 1074 habent

1120 1093 1307 1169 anchoram,
1330 1115 1396 1158 non
1422 1092 1655 1159 discedendum
1683 1113 1702 1155 a
1724 1093 1955 1175 perspicuitate
1981 1095 2091 1160 verbo

1120 1200 1205 1255 rum,
1227 1200 1333 1261 neque
1354 1179 1457 1243 ullam
1479 1177 1665 1244 Snermoris
1676 1177 1912 1243 concedendam
1931 1202 2000 1245 esse
2023 1180 2090 1264 syl·

1120 1264 1237 1330 labam.
1281 1264 1371 1329 Dum
1400 1265 1571 1348 Marpurgi
1596 1264 1859 1346 colloquerentur
1888 1266 1999 1330 beatae
2021 1287 2090 1331 me-

1120 1352 1243 1415 moriae
1273 1352 1335 1415 viri
1363 1350 1507 1415 illustres
1535 1351 1571 1414 in
1601 1351 1774 1432 praecipuo
1801 1351 1908 1434 capite
1938 1372 2004 1416 non
2032 1373 2089 1434 po·

1121 1447 1255 1501 tuerunt
1279 1436 1462 1501 convenire.
1502 1436 1714 1517 Praecipuum
1739 1455 1820 1501 voco
1837 1445 1937 1519 caput
1956 1450 2091 1519 propter

1120 1521 1206 1604 quod
1234 1524 1437 1603 potissimum
1465 1523 1632 1588 convocati
1654 1522 1791 1586 fueraut.
1836 1521 1984 1588 Subinde
2002 1524 2089 1587 enim

1121 1619 1155 1672 et
1181 1607 1222 1670 ad
1244 1608 1412 1672 fastidium
1443 1628 1545 1690 usque
1569 1607 1736 1689 repetebat
1758 1607 1914 1673 Luem
1934 1629 2030 1673 suum
2049 1608 2088 1672 il-

1121 1693 1193 1757 lud:
1240 1694 1307 1758 Hoc
1327 1699 1372 1758 est
1393 1714 1505 1775 eorpus
1525 1714 1635 1768 mam,
1658 1706 1690 1757 et
1712 1692 1788 1758 huic
1806 1696 2021 1775 pertinaciter
2037 1696 2089 1760 in-

1120 1780 1284 1844 haerebat.
1327 1778 1367 1842 Id
1399 1778 1483 1860 quod
1511 1780 1551 1843 ab
1574 1800 1612 1843 co
1635 1778 1818 1842 didicerunt
1839 1780 1910 1844 eius
1927 1778 2088 1862 discipuli,

1121 1874 1330 1948 praeceptore
1352 1864 1456 1930 multo
1468 1864 1699 1947 pertinaciores
1722 1866 1964 1930 assuriosiores.
2000 1866 2088 1946 Quid

1120 1950 1205 2033 quod
1226 1973 1301 2016 mox
1324 1973 1343 2015 a
1365 1951 1523 2032 colloquio
1545 1952 1616 2033 ipse
1645 1949 1802 2014 Laecae
1823 1951 1975 2032 epistolas
1997 1973 2088 2034 spar-

1119 2038 1171 2114 sit,
1201 2038 1318 2119 quibus
1348 2037 1475 2101 iactitat
1503 2035 1566 2100 sibi
1589 2036 1630 2100 ab
1651 2036 1723 2100 istis
1745 2034 1931 2102 Suermeris
1953 2059 1995 2101 ne
2017 2036 2088 2102 lite·

1119 2142 1191 2186 ram
1212 2121 1342 2205 quidem
1365 2144 1383 2186 e
1406 2121 1557 2186 manibus
1577 2143 1647 2186 esse
1669 2132 1824 2203 ereptam,
1848 2132 1961 2204 utpote
1983 2123 2088 2187 homi-

1118 2209 1216 2273 nibus
1234 2207 1383 2287 indoctis,
1402 2207 1546 2281 rudibus,
1569 2207 1719 2273 fanaticis
1736 2219 1795 2271 etc.
1842 2209 1908 2271 Alii
1926 2209 1960 2273 in
1983 2209 2089 2292 publi-

1118 2294 1165 2358 cis
1197 2304 1231 2358 et
1259 2294 1362 2359 sacris
1391 2292 1553 2359 cathedris
1582 2293 1975 2371 cecineruntvictoriam,
1999 2297 2088 2359 etin

1118 2381 1257 2462 optimos
1298 2381 1385 2444 viros
1424 2379 1652 2462 indignissima
1699 2391 1909 2459 exspuerunt.
1974 2380 2088 2461 Neque

1116 2476 1166 2530 est
1187 2464 1272 2547 quod
1292 2486 1377 2531 nunc
1394 2463 1487 2529 nobis
1506 2464 1570 2528 alia
1589 2464 1936 2546 atquemeliorasuavi
1949 2465 2088 2547 quadam

1115 2551 1350 2633 imaginatione
1382 2550 1603 2633 polliceamur.
1656 2549 1764 2613 Nimis
1801 2550 1883 2614 bene
1910 2553 1978 2615 noti
2009 2561 2088 2616 sunt

1116 2637 1210 2701 nobis
1232 2637 1416 2701 Lutherani
1439 2636 1493 2700 isti
1516 2636 1581 2699 iam
1599 2635 1639 2699 ab
1658 2637 1754 2700 annis
1777 2636 1924 2719 triginta.
1968 2635 2088 2701 Sedet

1115 2731 1151 2786 tu
1174 2723 1244 2804 ipse
1266 2731 1419 2804 expertus
1443 2743 1477 2786 es
1498 2742 1610 2785 eorum
1633 2720 1882 2786 humanitatem.

1201 2808 1326 2872 Verum
1349 2806 1484 2872 meliora
1495 2809 1618 2890 sperari
1640 2805 1921 2889 possevideantur
1943 2806 2087 2873 dePrin·

1114 2896 1223 2976 cipum
1251 2892 1409 2958 modestia
1437 2903 1471 2957 et
1497 2895 1670 2975 aequitate.
1694 2913 1758 2974 qua
1779 2892 1932 2957 videlicet
1949 2893 2086 2979 infringi

1114 2988 1172 3043 aut
1199 2980 1314 3045 saltem
1343 2979 1439 3043 leniri
1469 2980 1570 3060 possit
1604 2977 1743 3042 barbara
1772 2979 1979 3060 quorundam
2008 3001 2085 3045 con·

1114 3066 1315 3131 eionatorum
1335 3067 1502 3148 asperitas.
1537 3063 1730 3146 Quanquam
1754 3085 1831 3128 vcro
1853 3084 1921 3127 nou
1944 3067 2086 3132 nesciam

1114 3151 1236 3216 multos
1267 3172 1337 3217 esse
1365 3153 1451 3215 inter
1480 3151 1652 3232 Principes
1674 3151 1762 3214 viros
1784 3151 1853 3231 pios
1876 3159 1909 3213 et
1930 3153 2085 3233 aequissi-

1114 3258 1194 3316 mos,
1218 3237 1279 3302 hoc
1301 3246 1410 3301 tamen
1432 3237 1530 3301 etiam
1553 3256 1620 3300 non
1642 3237 1757 3318 ignoro
1776 3234 1935 3319 benignos
1957 3235 2085 3303 habitu-

1113 3344 1167 3387 ros
1198 3343 1256 3387 nos
1282 3324 1452 3405 Principes
1477 3323 1506 3387 si
1529 3321 1581 3386 vel
1604 3320 1643 3385 de
1661 3330 1775 3385 nostra
1795 3322 1987 3387 cesserimus
2010 3321 2084 3390 doc-

1114 3409 1209 3484 trina,
1239 3409 1290 3473 vel
1313 3408 1430 3474 saltem
1457 3408 1542 3472 hanc
1563 3407 1800 3471 involverimns
1818 3406 1994 3473 involucris
2012 3412 2083 3492 qui-

1113 3493 1251 3559 busdam
1291 3495 1464 3558 verborum
1492 3492 1609 3576 quibus
1641 3493 1854 3576 perspicuitas
1883 3492 2083 3561 obscuretur.

1113 3581 1199 3644 'Dum
1228 3601 1306 3644 vero
1336 3581 1440 3644 forma
1473 3579 1664 3645 concordiae
1685 3580 1749 3642 crit
1770 3579 1927 3642 confessio
1950 3583 2084 3664 Augus·

1112 3674 1198 3741 tana,
1229 3685 1325 3747 quam
1355 3666 1487 3729 interim
1522 3665 1617 3729 toties
1640 3663 1781 3728 oblatam
1812 3685 1832 3726 a
1853 3663 1975 3730 Bueero
1997 3688 2083 3733 nun-

1112 3772 1211 3834 quam
1243 3771 1420 3832 agnoscere
1450 3752 1501 3816 vel
1542 3751 1685 3832 recipere
1719 3749 1897 3814 voluerunt
1929 3751 2083 3819 ecclesiae

1111 3849 1253 3915 nostrae,
1281 3858 1383 3918 quum
1416 3839 1456 3902 ob
1474 3835 1595 3900 multas
1617 3855 1733 3899 causas
1755 3840 1828 3898 tum
1850 3835 1892 3899 ob
1914 3857 1986 3900 eam
2003 3859 2082 3919 quo-

1112 3945 1175 4006 que
1204 3921 1289 4006 quod
1320 3924 1419 3988 nimis
1448 3943 1556 3987 crasse
1585 3921 1769 4002 explicatur
1790 3921 1831 3985 ab
1854 3922 2023 4004 Apologia,
2046 3946 2083 3990 ae

1111 4030 1245 4092 prorsus
1267 4008 1393 4073 accedit
1414 4007 1455 4073 ad
1477 4009 1628 4091 papistas·
1664 4007 1701 4070 Si
1723 4027 1803 4070 vero
1825 4006 1916 4070 illam
1940 4010 2082 4092 recipere

1111 4095 1324 4168 noluerimus,
1355 4108 1406 4160 sat
1435 4095 1501 4160 scio
1524 4092 1737 4157 dimittendos
1759 4113 1819 4156 nos
1841 4092 1945 4156 veluti
1969 4115 2081 4177 supcr-

1111 4180 1169 4246 hos
1187 4192 1221 4244 et
1242 4181 1431 4246 cervicosos.
1467 4180 1511 4244 Et
1533 4191 1621 4244 certe
1643 4177 1728 4261 quod
1752 4177 2083 4260 doAugustanacon-

1111 4267 1250 4331 sessione
1272 4266 1386 4331 scribit
1406 4264 1612 4345 Weslpbalae,
1634 4263 1668 4327 id
1690 4264 1769 4327 satis
1791 4271 1917 4328 certum
1940 4277 1990 4329 est
2007 4289 2082 4331 sen·

1112 4352 1175 4417 tire
1197 4372 1311 4416 omnes
1324 4351 1535 4416 Lutheranos.
1571 4350 1761 4414 Curantem
1785 4348 1824 4412 dc
1842 4349 1974 4430 optimis
1987 4352 2084 4417 Priu-

1111 4436 1236 4520 cipibus
1259 4458 1324 4501 non
1353 4458 1481 4520 sperem
1508 4435 1675 4518 ampliora,
1698 4433 1783 4499 audi.
1829 4433 1995 4518 Principes
2013 4439 2082 4520 ple·

1111 4524 1203 4605 rique
1247 4545 1289 4587 ex
1322 4524 1466 4606 professo
1498 4523 1532 4585 in
1569 4520 1705 4584 articulo
1738 4521 1928 4601 praesertim
1962 4545 2082 4590 coenae

1111 4609 1297 4674 Lutherani
1326 4623 1417 4674 sunt:
1448 4607 1496 4672 illi
1519 4627 1633 4672 omnes
1655 4606 1799 4687 pendent
1820 4604 2005 4684 aCaesare,
2028 4611 2083 4676 cui

1112 4698 1283 4778 Augustae
1312 4695 1535 4760 exhibuerunt
1563 4691 1798 4758 confessionem
1821 4710 1917 4772 quam
1939 4694 2002 4776 ipsi
2023 4717 2080 4778 pa·

1110 4783 1214 4863 pistae
1236 4783 1271 4845 in
1292 4780 1429 4847 articulo
1452 4778 1817 4860 docimoapprobarunt.
1851 4775 1893 4840 Iu
1914 4778 1979 4845 illis
2000 4781 2081 4864 ipsis

1112 4868 1314 4951 Augustauis
1353 4867 1494 4932 comitiis
1533 4863 1688 4928 damnata
1719 4873 1770 4928 est
1801 4863 2080 4945 Zwinglianorum

1110 4953 1264 5018 doctrina.
1293 4953 1419 5017 Eadem
1430 4952 1586 5017 damnata
1596 4958 1646 5014 est
1657 4959 1689 5012 et
1699 4950 1970 5031 consequentibus
1980 4955 2080 5018 comi·

1111 5039 1165 5103 tiis
1193 5039 1423 5121 imperialibus.
1468 5037 1584 5119 Neque
1613 5035 1788 5100 obscurum
1817 5042 1868 5098 est
1895 5036 1973 5118 quid
2003 5041 2080 5104 ulti-

1110 5125 1173 5189 mis
1204 5124 1407 5208 Augustanis
1437 5124 1576 5188 comitiis
1597 5130 1704 5187 actum
1728 5122 1780 5185 sit.
1825 5117 1979 5202 Optimus
2002 5126 2080 5192 alio-

1003 5276 1007 5283 „
1111 5212 1165 5291 qui
1194 5211 1354 5295 Prrnceps
1392 5208 1667 5292 erteaberqcasis
1693 5226 1713 5268 a
1735 5204 1838 5270 doctis
1856 5208 1924 5272 suis
1946 5230 2079 5293 persua·
