4778 5888
107 322 169 384 213
998 327 1077 389 1556
1101 323 1206 391 AUG.
2028 335 2093 398 274

106 527 217 572 errore
228 506 359 584 tuendo,
378 517 411 573 et
426 510 589 592 fingendis
600 511 738 577 subinde
748 512 842 578 novis
853 513 1073 595 opinionibus:
1125 531 1222 593 quem
1244 532 1397 591 errorem,
1418 520 1570 591 616666,
1591 516 1639 579 ita
1655 536 1783 597 semper
1800 521 1979 582 detestatus
1995 519 2094 584 66611

105 592 191 657 nihil
212 593 293 658 certi
314 592 391 659 inde
410 615 605 679 quemquam
622 618 717 679 posse
738 598 946 675 constituero,¹
968 599 996 662 61
1018 598 1075 662 ob·
1126 594 1222 676 Quod
1243 606 1354 662 autem
1376 619 1504 663 summa
1531 599 1688 665 dissensio
1715 600 1767 679 sit,
1796 613 1829 666 et
1854 605 2034 686 pugnantia
2057 605 2093 670 in

106 687 214 743 servet
234 700 331 761 quam
352 679 440 744 inter
461 702 496 746 se
517 691 646 748 6616166
673 683 736 765 1661
764 682 958 748 dissideant:
987 683 1075 748 ideo-
1124 681 1241 763 glossis
1254 690 1289 746 61
1301 684 1503 761 commentis,
1525 685 1641 766 quibus
1652 684 1752 751 verba
1773 707 1892 752 coenae
1903 687 2095 767 dominicae,

106 783 168 846 qne
189 765 302 828 monui
319 764 481 831 cavendos
498 788 570 832 esse
591 769 670 833 istos
686 768 873 851 prophetas,
891 787 951 832 nec
973 789 1075 851 vagae
1125 772 1159 830 61
1179 767 1324 849 singulas
1346 789 1450 846 voces,
1480 771 1654 854 praecipue
1675 773 1817 854 corporis
1839 773 2093 854 appellationem

106 870 144 914 ac
165 849 310 914 lubricae
337 850 386 914 illi
409 852 480 916 viae
502 852 727 931 insistendum,
749 874 813 935 qua
835 853 956 918 multos
982 853 1075 918 66116-
1125 848 1322 930 distrahunt,
1344 854 1490 918 lacerant
1511 865 1545 918 et
1566 856 1756 937 depravant,
1783 878 1825 921 ne
1848 857 2036 940 relinquant
2056 862 2092 925 in

105 943 194 999 cunt.
245 934 311 998 Hic
332 935 388 999 1116
408 937 516 1003 616166
535 938 641 1004 661166
662 951 720 1016 661,
743 939 797 1004 661
824 959 844 1002 6
867 938 996 1004 0616166
1017 939 1074 1004 ad·
1125 956 1226 1002 coena
1252 939 1323 1002 veri
1350 939 1494 1021 corporis
1529 950 1561 1005 et
1587 941 1755 1024 sanguinis
1785 941 1911 1007 Christi
1939 965 2095 1026 praesen·

106 1020 267 1085 bibendus
279 1030 350 1084 6161
360 1022 465 1086 malus
476 1044 609 1102 cuneus,
627 1025 750 1089 securis
765 1025 866 1088 etiam
877 1024 1073 1103 exacuenda,
1125 1025 1215 1100 tiam,
1236 1023 1394 1090 illustrius
1416 1032 1450 1089 et
1470 1026 1634 1090 mentibus
1664 1034 1698 1090 et
1726 1026 1826 1092 oculis
1853 1029 2009 1111 ingerunt
2035 1030 2095 1095 illa

105 1107 246 1188 66116166
271 1107 417 1171 16611166
437 1108 600 1173 movenda
628 1118 661 1174 et
688 1108 826 1174 fulmina
855 1109 1074 1176 conviciorum
1124 1107 1205 1189 ipsa,
1221 1128 1304 1190 quae
1321 1108 1362 1173 ad
1381 1111 1515 1175 verbum
1534 1110 1695 1193 descripta
1712 1132 1752 1176 61
1770 1115 2095 1180 sacramentariorum

104 1193 141 1256 in
170 1213 223 1256 me
250 1190 448 1256 eiaculanda.
508 1193 702 1260 Obieoernnt
729 1195 791 1260 hoc
819 1195 992 1261 haereticis
1025 1196 1075 1260 sui
1125 1192 1217 1258 libris
1239 1203 1387 1258 recenset
1414 1195 1569 1277 Farrago,
1599 1217 1697 1278 quam
1725 1208 1762 1261 ut
1794 1200 1965 1280 quisquam
1994 1201 2095 1281 possit

105 1279 276 1360 temporis,
305 1277 461 1342 Irenaeus
489 1300 557 1343 non
580 1300 646 1344 uno
673 1280 756 1358 1666,
786 1280 1006 1346 Tertullianus
1035 1281 1075 1345 de
1125 1299 1255 1360 negare,
1289 1281 1394 1362 sitque
1416 1280 1613 1362 stupendum
1641 1283 1775 1364 reperiri
1805 1303 1995 1366 quemquam
2025 1293 2095 1349 tam

104 1362 416 1445 praescriptionibus
446 1363 602 1430 adversus
632 1365 820 1437 haereticos,
844 1365 990 1431 Hilarius
1018 1366 1074 1430 1111.
1127 1384 1249 1427 vanum
1270 1374 1338 1428 tam
1365 1366 1601 1431 contentiosum
1629 1377 1663 1431 et
1690 1369 1917 1449 praefractum,
1946 1372 2002 1452 qui
2028 1392 2094 1436 uno

42 1476 44 1479 ·
103 1448 183 1512 VII.
208 1448 247 1513 de
265 1449 433 1525 Trinitate,
455 1450 692 1516 haereticorum
713 1472 783 1515 esse
813 1454 938 1517 incerta
967 1453 1076 1516 omnia
1127 1450 1227 1513 verbo
1258 1449 1451 1532 obloquatur
1481 1452 1627 1528 veritati,
1660 1452 1731 1516 luce
1760 1453 1840 1518 solis
1869 1453 2027 1521 radiantis
2059 1458 2094 1521 in

107 1547 141 1599 et
165 1556 260 1611 vana,
290 1534 431 1598 invicem
459 1533 630 1614 dissidere,
659 1556 724 1600 non
753 1535 866 1600 eadem
894 1536 933 1601 de
960 1536 1076 1602 iisdem
1127 1535 1262 1599 meridie
1283 1536 1422 1601 clariori.
1452 1536 1538 1600 Nam
1557 1549 1595 1600 ut
1616 1538 1679 1602 alia
1700 1541 1954 1616 nuncomittam,
1978 1540 2095 1622 quibus

108 1618 224 1697 1116616,
256 1640 357 1700 quum
385 1619 451 1685 sint
482 1620 536 1684 vel
564 1621 627 1685 duo
649 1620 702 1686 vel
724 1632 790 1686 tres
812 1623 1002 1705 semetipsos
1024 1643 1076 1686 ar-
1148 1619 1243 1685 lossis
1265 1619 1443 1685 vindicabit
1464 1643 1484 1686 a
1505 1623 1611 1704 specie
1635 1626 1868 1706 repugnantiae
1897 1634 1930 1689 61
1950 1627 2095 1692 11616616

131 1727 217 1783 6616,
241 1705 280 1770 116
291 1703 407 1770 iisdem
429 1706 615 1771 verbisnon
635 1707 875 1771 consentientes
893 1707 1077 1772 differentia
1126 1639 1365 1786 depravatione,
1389 1704 1611 1790 66611661666
1633 1710 1809 1790 exponitur
1831 1731 1889 1792 pro
1912 1710 2095 1791 divinitate,

132 1793 223 1867 cere,
245 1793 280 1854 16
302 1789 389 1854 idem
410 1802 521 1855 tamen
544 1790 762 1873 blasphemiae
787 1812 980 1856 concurrere
1002 1815 1075 1876 pro·
1125 1809 1185 1870 pro
1199 1789 1272 1868 fide,
1294 1812 1353 1873 pro
1375 1791 1518 1869 ecclesia,
1541 1812 1640 1875 quum
1660 1813 1721 1858 nec
1742 1792 1905 1872 divinitas,
1924 1817 1983 1861 nec
2003 1797 2095 1876 fides,

105 1878 258 1960 positum.
307 1874 400 1938 Idem
429 1877 547 1940 obiecit
568 1878 826 1942 sacramentariis
855 1878 896 1941 D.
920 1877 1076 1943 Latiares
1126 1894 1185 1938 nec
1211 1875 1354 1954 66616616,
1384 1879 1427 1940 611
1452 1877 1571 1942 tradita
1596 1899 1655 1961 pro
1683 1878 1786 1953 nobis,
1816 1888 1849 1942 et
1870 1880 2022 1948 Christus
2043 1883 2092 1946 lo-

104 1964 140 2027 in
157 1983 278 2046 magna
294 1981 354 2026 sna
365 1959 575 2027 06616661666
593 1961 633 2026 de
651 1975 860 2040 sacramento,
879 1963 957 2026 6116
975 1984 1077 2043 parva
1126 1967 1244 2040 quatur
1266 1960 1305 2026 de
1327 1963 1456 2044 proprio
1478 1982 1536 2027 suo
1558 1982 1699 2045 corpore,
1723 1964 1843 2029 tradito
1865 1986 1923 2047 pro
1945 1966 2036 2032 nobis
2057 1969 2094 2033 in

105 2048 163 2112 illa
189 2060 353 2131 postrema
383 2047 471 2111 edita
499 2058 613 2112 contra
643 2047 884 2130 Saeacfcbiiam.
940 2046 977 2112 Si
1010 2048 1075 2112 illis
1125 2045 1286 2109 mortem?
1316 2046 1358 2110 In
1380 2047 1484 2112 altera
1496 2049 1699 2112 amarulenta
1710 2049 1920 2114 insectatione
1938 2057 2093 2135 tanquam

105 2135 209 2197 tantis
231 2134 310 2197 viris
332 2132 424 2197 licuit
441 2132 597 2215 insignire
615 2140 649 2197 et
669 2135 859 2218 conspicuos
876 2134 982 2198 facere
999 2133 1075 2198 hae
1126 2130 1231 2212 gallus
1251 2132 1386 2212 pruinas
1406 2131 1556 2198 ardentes
1572 2133 1690 2198 leviter
1706 2135 1865 2204 transsilit
1882 2140 1962 2201 istas
1979 2137 2094 2221 depra-

104 2221 224 2285 reticos
246 2220 313 2282 suis
330 2218 474 2299 ipsorum
497 2219 593 2294 notis,
622 2238 680 2282 cur
709 2219 791 2283 mihi
817 2218 904 2283 idem
935 2218 1074 2296 facienti,
1127 2216 1282 2291 vationes,
1306 2226 1339 2282 et
1361 2218 1418 2282 vix
1435 2240 1501 2283 uno
1523 2220 1623 2284 verbo
1646 2221 1785 2302 attingit.
1813 2221 1951 2285 Interim
1970 2222 2094 2306 aliquid

105 2305 191 2388 quod
220 2304 271 2368 illi
299 2304 453 2379 fecerunt,
482 2310 654 2386 reputatur
682 2325 740 2386 pro
771 2305 900 2386 capitali
924 2314 957 2367 et
984 2305 1076 2369 inex·
1126 2310 1294 2383 responsat
1316 2303 1355 2367 de
1377 2304 1449 2368 61116
1471 2304 1670 2388 corruptelis,
1693 2305 1748 2369 ubi
1770 2315 1864 2387 putat
1886 2327 1920 2370 se
1942 2307 2093 2373 tenebras

103 2390 220 2472 piabili
243 2388 396 2472 66666161
448 2389 586 2471 11166166
608 2389 805 2454 vociferatur
835 2388 994 2467 0616111116,
1023 2412 1076 2454 616
1126 2387 1304 2464 offundere,
1327 2395 1360 2451 61
1382 2397 1536 2471 tanquam
1558 2391 1647 2472 66616
1668 2391 1770 2455 effuso
1800 2401 1981 2456 atramento
2010 2393 2094 2458 elabi

104 2497 282 2542 consensus
304 2494 422 2538 nomen
450 2475 627 2556 arripuisse
649 2475 688 2539 ad
711 2475 935 2539 renovandum
963 2476 1073 2540 incen—
1126 2492 1230 2562 66666.
1280 2472 1410 2538 Adsunt
1433 2475 1472 2538 ad
1496 2495 1628 2539 manum
1654 2478 1821 2557 utriusque
1843 2477 1943 2560 partis
1965 2480 2093 2561 6611616.

104 2562 204 2638 dium,
228 2570 396 2642 tantopere
417 2559 522 2624 6111666
549 2580 661 2642 666661
683 2572 808 2624 utnon
830 2559 1076 2625 eliadecausa
1127 2557 1195 2621 Vos
1227 2579 1314 2642 1666,
1348 2559 1593 2640 prudentissimi
1626 2561 1702 2635 viri,
1734 2582 1801 2624 non
1832 2564 2013 2645 gravemini
2043 2565 2094 2629 in·

104 2649 244 2713 effusum
267 2647 310 2711 sit
331 2666 494 2709 venenum
516 2645 579 2710 nisi
600 2647 676 2727 quia
698 2666 793 2729 aegre
814 2645 946 2709 tulerim
968 2666 1075 2711 sacra·
1127 2642 1260 2725 spicere,
1283 2644 1429 2709 conferre
1451 2654 1484 2709 et
1505 2644 1696 2712 diiudicare:
1726 2656 1834 2712 vestro
1856 2647 1974 2714 iudicio
1997 2669 2095 2714 causa

103 2733 281 2798 6166161166
309 2731 396 2795 idem
425 2733 546 2795 sentire
576 2753 613 2796 66
640 2730 736 2813 16661.
792 2730 905 2794 Videte
939 2731 1076 2813 grandia
1127 2736 1224 2805 stare,
1259 2728 1374 2794 cadere
1407 2737 1440 2793 et
1473 2731 1618 2807 1166616,
1651 2753 1723 2797 6616
1758 2741 1900 2815 paratus.
1945 2733 2093 2800 Alteram

103 2818 274 2884 mendacia
296 2827 328 2880 et
349 2818 512 2891 6611111616,
535 2818 594 2880 vix
606 2817 710 2882 tribus
732 2824 789 2880 aut
810 2824 952 2898 quatuor
968 2817 1075 2880 verbis
1127 2822 1234 2877 autem
1256 2835 1386 2879 causam
1406 2814 1568 2880 fromondi
1585 2825 1618 2880 61
1636 2816 1856 2882 debacchandi
1877 2819 1911 2882 in
1929 2840 1982 2884 me
1999 2840 2094 2902 prae·

104 2926 200 2969 ame
223 2905 308 2975 16616
331 2912 380 2966 661
412 2904 535 2967 1666116
557 2902 789 2967 Oonsensionis
822 2909 956 2965 mutuae
988 2902 1075 2966 inter
1128 2899 1240 2975 tendit,
1262 2900 1348 2981 quod
1364 2902 1634 2965 sacramentarios
1644 2902 1781 2967 habeam
1799 2923 1857 2986 pro
1868 2903 2041 2971 haereticis
2063 2914 2096 2970 et

104 2989 392 3056 sacramentarios:
439 2985 747 3053 commonefaciendi
796 2987 904 3070 gratia
944 2995 1075 3050 tantum
1128 2983 1344 3068 blasphemis:
1378 2994 1413 3050 61
1440 3007 1516 3051 1616
1538 2987 1603 3051 1111
1623 2987 1673 3051 1111
1702 2990 1982 3071 praestantissimi,
2015 3012 2094 3073 quos

103 3077 200 3140 modo
229 3074 310 3138 11666
332 3073 432 3138 verba
452 3073 574 3139 inserui
595 3073 631 3136 in
653 3072 852 3155 praefatione
875 3072 1074 3155 Farraginis,
1128 3078 1204 3134 ante
1237 3072 1404 3136 nominavi
1434 3071 1474 3135 de
1503 3072 1630 3137 haeresi
1667 3093 1721 3138 eos
1750 3073 1982 3139 insimularunt
2010 3078 2099 3142 sicut

104 3182 146 3226 ex
167 3161 241 3224 istis
262 3159 523 3225 distractionibus
553 3168 585 3223 et
607 3157 748 3224 dissidiis
771 3159 856 3223 circa
878 3155 978 3221 verba
1005 3177 1074 3222 coe-
1127 3161 1290 3220 testantur
1321 3156 1395 3221 libri
1424 3156 1465 3221 ab
1497 3157 1577 3239 ipsis
1609 3160 1789 3241 posteritati
1823 3159 1935 3225 relicti.
1998 3161 2096 3226 Oerte

104 3267 166 3311 nae
186 3246 369 3310 manifestis
397 3244 535 3310 iudicari
566 3265 670 3325 66666,
705 3264 769 3324 666
801 3243 865 3308 fide
896 3243 1076 3307 scriberent
1126 3238 1168 3304 D.
1192 3240 1348 3307 Latiares
1377 3242 1461 3307 66116
1480 3244 1608 3307 censuit
1629 3242 1794 3308 habendos
1816 3265 1875 3327 pro
1904 3246 2094 3311 haereticis:

103 3331 332 3399 consensiones
360 3351 443 3396 6666.
493 3329 590 3411 Quod
619 3349 684 3394 non
710 3329 846 3412 probavi
873 3348 1074 3406 consensum,
1125 3347 1184 3391 our
1206 3348 1283 3410 ergo
1312 3328 1347 3391 in
1369 3326 1411 3392 D.
1442 3327 1613 3392 Ι611166111
1640 3349 1706 3393 666
1734 3327 1912 3394 desaeviit?
1943 3349 2001 3395 cur
2029 3352 2095 3397 non

103 3418 165 3483 hoc
183 3426 242 3494 est,
265 3417 539 3498 conspirationem
560 3417 595 3479 in
622 3415 716 3491 16616,
753 3435 868 3496 nempe
897 3414 932 3477 in
964 3433 1075 3479 errore
1123 3412 1257 3477 insanas
1300 3420 1335 3476 et
1371 3413 1551 3479 virulentas
1589 3414 1769 3480 invectivas
1813 3415 1944 3498 scripsit
1981 3424 2096 3483 contra

102 3512 136 3569 et
156 3501 286 3567 haeresi
304 3503 513 3584 pertinaciter
529 3499 773 3584 propugnanda,
806 3499 867 3565 hoc
889 3498 944 3562 ille
966 3498 1074 3564 detor·
1124 3496 2096 3583 11161611661666610166166166666616111166666661

100 3589 233 3672 666116
251 3607 371 3671 genere
393 3587 543 3670 61161616
562 3606 755 3651 6666666616
777 3592 950 3668 61666661,
973 3605 1074 3666 eoque
1124 3584 1335 3664 superstites,
1374 3585 1402 3648 si
1425 3592 1493 3648 tam
1524 3594 1617 3649 atrox
1647 3584 1751 3650 scelus
1783 3606 1843 3669 ego
1870 3587 2031 3667 commisi,
2062 3597 2095 3653 et

99 3676 238 3741 crimine
259 3671 368 3738 odiose
396 3695 448 3738 me
477 3679 679 3755 praegravat,
709 3670 802 3753 quasi
828 3672 1073 3734 consensionem
1124 3667 1228 3732 aculei
1250 3669 1418 3751 viperinae
1446 3669 1580 3752 linguae
1607 3670 1642 3733 in
1672 3690 1723 3733 me
1751 3679 1829 3735 sunt
1856 3670 1986 3754 figendi,
2019 3674 2095 3755 6616

101 3769 134 3824 61
155 3779 270 3842 pacem
292 3758 327 3821 in
350 3759 447 3824 rebus
470 3757 562 3822 bonis
583 3758 669 3823 16116
691 3776 757 3820 666
779 3757 910 3839 6666161.
948 3755 1073 3820 Eadem
1123 3752 1279 3838 scapham
1305 3754 1468 3837 scapham,
1498 3754 1677 3820 haereticos
1707 3754 1887 3821 haereticos
1908 3776 1979 3821 6666
2001 3757 2094 3825 dico?

100 3846 199 3929 61666
222 3844 348 3908 1611666
370 3843 616 3927 quibuscunque
638 3842 818 3919 haereticis,
846 3840 1012 3906 sceleratis
1041 3852 1074 3905 et
1125 3838 1161 3904 Si
1185 3848 1233 3904 est
1257 3839 1401 3904 haeresis
1430 3839 1515 3922 quod
1543 3840 1679 3923 6616666
1708 3840 1807 3924 eligit,
1833 3843 1950 3906 astruit
1977 3851 2010 3907 et
2037 3842 2093 3908 ob-

101 3931 212 4015 impiis
244 3929 516 3995 conviciatoribus
545 3927 655 3993 licebit
683 3927 853 4009 queritari,
883 3946 1073 4010 oppugnare
1125 3926 1245 3989 stinate
1267 3932 1381 3990 contra
1401 3924 1540 3990 verbum
1562 3925 1626 3990 Dei
1650 3932 1682 3989 61
1703 3924 1801 3991 fidem
1823 3925 2015 3992 catholicam
2037 3927 2093 3993 de-

102 4036 158 4082 666
171 4036 366 4082 6666666661
389 4016 673 4100 16666161666616,
696 4013 899 4076 inflammare
912 4011 1071 4090 incendia,
1123 4008 1235 4087 fendit,
1254 4018 1367 4075 natum
1389 4011 1426 4074 in
1453 4010 1582 4076 officina
1609 4009 1772 4076 hnmanae
1798 4013 1985 4094 sapientiae,
2015 4013 2094 4094 quid

103 4100 291 4179 discordias,
313 4108 347 4164 61
364 4100 475 4166 turbas
498 4101 650 4176 excitare,
672 4098 727 4180 qui
746 4105 937 4181 oppugnent
957 4098 1072 4161 haere·
1123 4094 1284 4177 prohibet,
1305 4116 1455 4161 66666616
1477 4103 1511 4161 61
1532 4095 1630 4162 verbo
1648 4097 1712 4161 Dei
1734 4096 1888 4161 damnare
1906 4096 1946 4161 de
1963 4095 2093 4163 haeresi

103 4188 202 4254 ticam
245 4186 457 4269 pertinaciam
500 4193 534 4250 et
576 4182 859 4265 conspirationem.
923 4181 1074 4266 Adauget
1123 4179 1332 4263 sapientulos,
1355 4182 1410 4263 qui
1432 4201 1491 4245 sna
1512 4182 1637 4245 somnia
1654 4188 1687 4245 et
1710 4182 1844 4247 rationis
1861 4182 1983 4264 placita
2004 4190 2094 4248 ante-

102 4273 200 4338 istam
221 4271 403 4336 vanitatem
421 4270 484 4335 alio
505 4270 627 4352 insigni
642 4267 810 4333 mendacio
828 4288 928 4350 quum
951 4267 1073 4344 scribit,
1123 4275 1250 4348 ponunt
1271 4288 1389 4332 616666
1411 4288 1444 4329 61
1469 4266 1567 4331 sterio
1585 4265 1680 4330 nobis
1701 4266 1822 4330 tradito
1844 4265 1946 4331 afilia
1964 4267 2036 4344 Dei,
2059 4278 2093 4333 et

102 4378 157 4422 me
194 4356 355 4423 hostiliter
393 4358 438 4421 im
462 4376 587 4440 ugnare
621 4352 758 4419 eandem
796 4352 977 4419 doctrinam
1020 4353 1074 4416 cui
1124 4351 1164 4416 ab
1186 4350 1226 4415 iis
1245 4289 1490 4435 propugnandis
1510 4351 1807 4433 quocunquemodo
1824 4372 1888 4415 non
1907 4351 2090 4417 desistunt?

101 4452 198 4511 antea
224 4444 379 4509 faveram.
429 4378 518 4523 116111
545 4441 665 4505 1611661
693 4438 890 4505 clarissimos
917 4437 1004 4503 viros
1031 4438 1074 4503 D.
1124 4434 1290 4516 Quorsum
1323 4437 1440 4501 attinet
1470 4437 1655 4520 belligerari
1683 4458 1756 4502 cum
1785 4436 1963 4516 vocabulis,
1990 4457 2091 4520 quum

103 4528 298 4612 Philippum,
329 4530 370 4593 D.
403 4527 600 4611 0166166616
632 4533 666 4589 61
691 4525 808 4590 Vitam
836 4524 1074 4590 Titeodcrama
1124 4542 1177 4587 res
1192 4522 1282 4603 ipsae
1301 4529 1432 4587 notatae
1449 4521 1510 4586 sub
1531 4522 1664 4587 vocibus
1691 4530 1878 4604 competant
1901 4521 1936 4591 16
1963 4532 2092 4590 autores

104 4613 235 4680 0616166
260 4614 407 4697 pertrahi
440 4614 476 4677 in
510 4611 837 4678 sacramentariorum
877 4610 1073 4688 societatem,
1123 4608 1288 4674 erroribus
1309 4606 1501 4673 immersos?
1529 4605 1614 4671 Vera
1631 4616 1740 4671 autem
1757 4608 1973 4690 etpraeeipua
1992 4628 2092 4675 causa

103 4693 313 4783 quantumvis
346 4720 387 4765 ex
424 4698 568 4782 professo
601 4697 831 4762 damnaverint
855 4715 909 4759 666
944 4697 1074 4777 scriptis
1124 4713 1183 4758 cur
1214 4693 1362 4758 irritatus
1395 4702 1428 4756 et
1459 4691 1669 4758 exacerbatus
1702 4691 1853 4758 06161661
1891 4694 1924 4757 16
1965 4714 2090 4760 6161616

102 4787 181 4863 suis,
204 4806 306 4868 quum
327 4807 381 4850 me
400 4784 499 4851 faciat
517 4783 679 4848 166161661
708 4779 979 4848 sacramentariae
1001 4780 1074 4846 doo-
1124 4777 1230 4843 rabidi
1251 4779 1342 4845 canis
1363 4777 1462 4842 latrat
1481 4776 1620 4843 insultat
1641 4784 1674 4842 et
1693 4775 1822 4842 mordet
1838 4777 1930 4843 nulla
1950 4778 2014 4844 alia
2031 4789 2092 4860 est,

103 4873 228 4948 trinae,
258 4892 354 4954 quem
383 4869 523 4941 eundem
551 4868 756 4951 persequitur
783 4874 940 4948 tanquam
968 4864 1074 4930 infen-
1126 4863 1190 4929 nisi
1212 4863 1297 4947 quod
1319 4862 1422 4941 credo,
1452 4871 1485 4927 et
1510 4863 1572 4928 hoo
1596 4883 1655 4945 pro
1684 4883 1755 4927 meo
1783 4862 1916 4928 modulo
1943 4863 2090 4944 defendo,

102 4958 270 5024 sissimum
291 4958 422 5022 illorum
444 4951 594 5020 hdstem?
625 4951 860 5034 Quandovero
881 4951 947 5014 1611
968 4971 1074 5016 sacra·
1125 4969 1243 5031 corpus
1265 4960 1297 5015 et
1330 4949 1523 5033 sanguinem
1545 4947 1670 5014 Christi
1702 4949 1736 5012 in
1765 4968 1856 5013 sacra
1883 4969 1984 5015 66666
2012 4971 2090 5017 1616

102 5041 297 5109 mentariis?
348 5041 456 5123 Quem
482 5040 594 5105 fucum
616 5040 721 5115 faciet,
743 5058 838 5119 quem
861 5036 1001 5101 colorem
1022 5037 1075 5100 in·
1126 5034 1252 5116 adesse,
1293 5043 1326 5099 et
1357 5032 1507 5098 distribui
1538 5035 1632 5098 iuxta
1662 5032 1879 5098 indubitatem
1917 5035 2090 5101 veritatem

101 5129 210 5206 ducet,
233 5139 270 5193 ut
291 5128 433 5211 aliquam
453 5125 573 5190 habeat
593 5124 663 5191 veri
684 5124 825 5206 speeiem
853 5142 906 5185 me
931 5142 1075 5203 unquam
1126 5121 1218 5187 verbi
1240 5121 1319 5200 eius,
1343 5128 1376 5185 et
1397 5119 1593 5184 66611611661
1615 5117 1795 5184 doctrinam
1814 5117 1930 5201 Oiaptii
1949 5120 2090 5201 positam

100 5217 225 5282 favisse
247 5214 346 5279 falsae
368 5212 534 5279 doctrinae
564 5209 604 5275 de
624 5220 828 5275 sacramento
852 5206 1076 5285 eucharistiae,
1126 5205 1163 5270 in
1189 5207 1303 5290 figuris
1329 5216 1362 5272 et
1391 5205 1502 5289 tropis,
1530 5205 1586 5287 qni
1607 5203 1683 5269 inde
1704 5203 1855 5269 auferant
1877 5204 2093 5272 substantiam

210 5316 425 5386 16661661.
466 5312 626 5372 16611.
1854 5302 1887 5356 ra
