4688 5910
104 303 163 366 ere
303 252 305 259 '
941 306 1021 369 155⁷
1039 300 1262 369 saaraim.
2037 314 2104 379 crs

100 489 255 567 municet,
300 509 473 571 uamquam
493 490 533 554 ab
557 490 608 554 his
629 488 760 572 quidem
777 488 943 554 vocabulis
964 488 1069 553 liben·
1122 489 1203 554 illud
1226 502 1322 555 suum
1345 490 1509 557 obiectum
1520 491 1632 557 Iesum
1642 490 1813 570 Christum
1835 515 1938 578 usque
1959 497 2099 578 perlata.

101 575 227 641 tissime
270 575 537 654 astinuerimus,
588 575 665 657 quia
713 583 941 658 praeterquam
983 571 1069 656 quod
1121 575 1175 639 Ex
1206 573 1268 640 hoo
1299 575 1390 641 fonte
1422 585 1500 641 nata
1532 583 1583 641 est
1621 578 1804 643 necessario
1832 581 1996 646 sententia
2027 583 2095 664 illa,

100 661 255 744 ambigua
276 670 372 735 sunt,
401 668 488 726 certe
515 669 593 724 sunt
613 659 773 725 eiusmodi
810 671 849 724 ut
880 658 1069 740 qualitatem
1120 681 1217 742 quam
1239 680 1300 744 ego
1312 660 1419 812 glane
1440 661 1575 745 impiam
1604 661 1721 738 iudico,
1752 685 1792 728 ex
1821 669 2032 748 consequenti
2054 669 2096 737 ds

122 746 209 811 otius
238 766 334 828 quam
359 746 574 811 substantiam
602 745 796 812 describant.
842 744 964 809 Veram
992 764 1068 828 ergo
1121 745 1294 830 glorificati
1342 745 1439 811 hristi
1461 747 1606 830 corporis
1628 748 1859 814 immensitate.
1882 750 1973 817 Hinc
1994 764 2096 821 natus

99 767 187 897 dane
208 832 405 895 sententiam
427 852 497 896 esse
519 831 679 913 putarim:
708 829 849 913 Oportet
877 851 935 894 nos
957 850 1068 911 corpo-
1120 852 1212 896 error
1223 829 1263 895 de
1281 830 1364 896 falsa
1381 833 1650 915 interpretatione
1661 853 1815 899 ascensus
1826 835 1972 916 Domini,
1994 860 2095 920 quam

98 916 215 983 raliter
237 915 402 981 Christum
425 916 583 999 resipere,
606 916 724 993 idest,
747 917 782 978 in
806 936 920 980 verum
942 915 1068 980 Christi
1120 915 1169 981 illi
1191 916 1437 999 disparitionem
1467 918 1735 1000 interpretantur.
1790 919 1879 986 Hinc
1906 923 2027 988 iactum
2056 935 2094 990 ιιι

99 1021 220 1084 corpus
255 1022 332 1066 vere
366 1002 559 1077 coalescere,
607 1011 641 1066 et
672 1023 713 1066 ex
746 1023 783 1065 eo
816 1021 948 1067 succum
982 1001 1068 1067 vitae
1120 1003 1218 1067 etiam
1240 1003 1280 1067 ab
1302 1000 1488 1067 infidelibus
1509 1024 1579 1067 rem
1601 1006 1796 1069 sacramenti
1826 1007 1912 1070 sumi
1938 1007 2094 1089 dicerent,

98 1097 253 1153 aeternae
275 1107 405 1172 sugere,
434 1087 518 1169 quod
546 1084 808 1152 manducationis
837 1086 936 1151 verbo
967 1085 1067 1169 signi·
1120 1088 1212 1171 quasi
1234 1087 1288 1153 vel
1309 1086 1505 1153 Christusa
1533 1109 1593 1152 suo
1615 1089 1733 1171 spiritu
1762 1092 1927 1157 seiunctus
1953 1103 1987 1158 et
2015 1116 2093 1160 exa·

97 1174 234 1238 ficetum
263 1182 312 1236 est
341 1173 411 1237 Ioh.
444 1179 472 1236 b.
517 1172 613 1238 Hanc
643 1193 720 1236 vero
753 1184 866 1237 contra
897 1171 1068 1237 statuerim
1120 1172 1219 1237 nimis
1241 1193 1261 1237 a
1286 1173 1380 1238 nobis
1402 1174 1496 1248 sumi,
1524 1174 1577 1237 vel
1607 1174 1677 1239 sive
1707 1175 1867 1251 manibus,
1898 1179 1968 1243 sive
1995 1183 2092 1263 ore,³)

98 1279 171 1324 esse
192 1258 413 1323 falsissimam:
437 1256 575 1340 Oportet
594 1278 654 1321 uos
665 1256 836 1322 Christum
858 1256 1069 1339 corporaliter
1120 1257 1153 1321 id
1176 1266 1236 1335 est,
1258 1257 1329 1322 sine
1350 1257 1424 1338 fide,
1447 1259 1569 1341 percipi
1587 1260 1698 1341 possit.
1742 1259 1834 1326 Haeo
1850 1261 1901 1325 illi
1918 1274 1951 1326 et
1972 1265 2094 1332 similia

97 1344 252 1425 recipere,
274 1342 309 1407 id
326 1355 385 1419 est,
407 1343 566 1425 corporali
584 1342 689 1419 modo,
712 1343 807 1408 sicuti
828 1341 976 1408 videlicet
997 1362 1068 1407 cor·
1120 1363 1202 1425 quae
1220 1341 1395 1408 cohaerent
1413 1344 1542 1408 anobis
1560 1354 1737 1427 poscerent,
1756 1346 1833 1428 quia
1849 1346 1981 1413 modum
1997 1372 2093 1434 prae-

96 1449 180 1514 pora
201 1430 270 1494 sive
293 1429 432 1494 visibilia
453 1431 521 1493 sive
538 1428 725 1506 invisibilia,
748 1438 786 1492 ut
807 1428 935 1491 animae
957 1446 1068 1509 corpo·
1120 1429 1244 1493 sentiae
1265 1427 1382 1493 volunt
1403 1427 1584 1495 describere
1606 1440 1639 1492 et
1668 1430 1786 1495 animis
1807 1434 2094 1518 comprehendere,

95 1515 197 1588 ribus,
220 1516 386 1579 uniuntur.
423 1513 548 1597 Corpus
567 1516 654 1578 enim
673 1512 797 1578 Christi
820 1535 933 1577 verum
951 1533 1068 1595 corpus
1120 1513 1268 1598 quamvis
1289 1512 1322 1578 id
1345 1514 1480 1578 minime
1501 1537 1536 1580 se
1555 1515 1640 1579 velle
1663 1515 1768 1581 iacere
1789 1517 1967 1584 clamitent
2000 1521 2094 1588 Haeo

97 1610 149 1666 est
171 1613 203 1662 et
232 1620 329 1682 supra
357 1600 463 1665 coelos
489 1611 637 1665 evectum
667 1597 801 1681 ideoque
834 1619 893 1663 nea
920 1598 956 1661 in
986 1619 1068 1680 pane
1120 1611 1230 1663 autem
1253 1599 1365 1664 omnia
1392 1599 1503 1666 videre
1533 1621 1585 1664 me
1613 1621 1680 1665 non
1709 1622 1804 1683 posse
1830 1606 2001 1684 confiteor,
2028 1627 2093 1689 quo

97 1706 159 1751 nec
198 1687 257 1750 sub
295 1706 380 1767 panc
419 1707 479 1750 nec
518 1706 592 1750 cum
627 1706 712 1767 pane
751 1683 971 1767 quaerendum
1008 1698 1066 1748 est.
1121 1684 1215 1748 modo
1230 1685 1357 1767 'positis
1388 1685 1429 1751 iis
1461 1683 1682 1750 fundamentis
1709 1707 1791 1769 quae
1823 1690 1993 1771 posuimus
2025 1714 2093 1756 non

97 1770 226 1840 Christi
248 1792 364 1854 corpus
383 1772 467 1836 absit
489 1779 526 1835 ut
544 1790 702 1854 negemus
713 1770 869 1853 symbolis
881 1769 1067 1852 significari,
1121 1780 1321 1835 evertantur.
1373 1768 1471 1850 Quod
1492 1780 1599 1835 autem
1623 1772 1876 1853 existimasses
1898 1798 1918 1840 a
1940 1778 2033 1842 nobis
2055 1799 2093 1843 eo

98 1866 158 1922 aut
190 1857 339 1941 symbola
373 1857 510 1938 proponi
543 1869 580 1920 ut
601 1855 744 1920 absentis
766 1853 944 1934 μνημοσύνη.
1001 1852 1067 1919 Sed
1121 1876 1191 1920 esse
1211 1852 1359 1921 redactos
1382 1863 1419 1920 ut
1441 1856 1492 1920 vel
1515 1878 1535 1919 a
1557 1856 1651 1920 nobis
1674 1876 1732 1921 vos
1754 1858 1926 1925 dissentire
1955 1871 2093 1942 constet,

97 1941 284 2007 addidimus
306 1941 497 2007 adverbium
519 1944 680 2018 demutat,
705 1955 742 2005 ut
772 1941 852 2005 haec
874 1941 1068 2023 significatio
1121 1940 1184 2017 vel,
1207 1940 1292 2022 quod
1304 1961 1473 2022 nunquam
1491 1941 1562 2006 sitis
1573 1942 1699 2018 facturi,
1722 1943 1889 2008 innovam
1912 1945 2094 2014 doctrinam

97 2035 133 2092 et
166 2028 313 2093 absentia
346 2026 527 2091 definiatur.
588 2026 644 2092 Sic
680 2028 767 2091 enim
797 2026 1000 2108 significatur
1032 2036 1070 2090 ut
1122 2027 1322 2103 consentire,
1357 2025 1458 2091 libero
1492 2040 1524 2090 te
1556 2027 1618 2092 hac
1651 2047 1739 2105 cura,
1772 2030 1819 2092 mi
1847 2039 1951 2113 pater.
2008 2034 2093 2099 Nam

97 2135 176 2178 vere
205 2111 407 2190 exhibeatur,
436 2113 481 2177 sic
510 2112 601 2177 abest
628 2125 665 2176 ut
692 2113 734 2177 sit
758 2112 1067 2193 praesentissimum.
1122 2111 1459 2194 praeterquamquod
1481 2132 1577 2194 spero
1599 2112 1676 2190 fore,
1700 2113 1793 2177 utin
1816 2114 1878 2179 hoc
1907 2126 2021 2182 nostro
2043 2140 2094 2184 re-

97 2197 169 2264 Nec
188 2200 275 2262 enim
298 2199 406 2263 minus
429 2208 555 2262 certum
577 2210 627 2261 est
656 2218 715 2260 nos
744 2195 807 2262 fide
834 2197 1013 2262 coalescere
1035 2198 1069 2260 in
1121 2217 1241 2278 sponso
1259 2197 1444 2280 acquiescas
1464 2195 1591 2280 (quidni
1613 2199 1701 2262 enim
1718 2199 1800 2263 mihi
1824 2200 1885 2264 hoc
1907 2200 1948 2266 de
1970 2212 2003 2267 te
2024 2204 2093 2285 pol·

98 2284 225 2350 Christi
248 2303 373 2366 corpus,
398 2296 433 2347 ut
454 2285 617 2348 fiamusos
640 2304 682 2347 ex
702 2282 829 2346 ossibus
850 2282 920 2347 eius
942 2291 976 2346 et
995 2302 1069 2347 caro
1121 2282 1230 2359 liceat,
1253 2283 1309 2365 qui
1331 2283 1477 2347 animum
1507 2304 1615 2347 meum
1645 2283 1781 2362 norisl),
1803 2287 1831 2349 si
1849 2284 1936 2351 edite
1964 2287 2093 2355 abillis

98 2392 144 2435 ex
164 2391 261 2435 carne
284 2369 363 2447 eius,
391 2369 505 2444 idest,
537 2378 573 2431 ut
600 2389 678 2432 vere
707 2380 739 2431 et
766 2368 965 2450 penitissime
995 2387 1074 2432 oum·
1122 2377 1236 2432 nostra
1263 2367 1322 2432 illa
1347 2367 1505 2432 confessio
1534 2367 1642 2448 fuerit,
1668 2390 1786 2453 nempe
1814 2380 1965 2437 nostrum
1994 2371 2093 2439 suerit

99 2475 139 2519 eo
162 2455 325 2531 uniamur,
347 2476 444 2537 quam
465 2467 589 2518 certum
611 2461 661 2518 est
683 2476 742 2518 nos
764 2454 836 2517 istis
858 2453 958 2517 oculis
983 2474 998 2516 s
1023 2474 1070 2516 m·
1123 2453 1212 2518 illam
1230 2453 1448 2535 interpretari,
1470 2475 1534 2535 qua
1555 2454 1590 2516 in
1613 2474 1649 2516 rs
1670 2454 1736 2518 iam
1760 2476 1846 2520 nunc
1868 2456 1928 2520 tibi
1949 2457 2093 2542 spondeo

98 2540 174 2605 bola
194 2562 335 2618 cernere,
354 2539 487 2605 auribus
506 2540 750 2621 promissionem
765 2538 886 2616 audire,
910 2475 1070 2615 mentius,
1121 2540 1189 2603 fore
1218 2550 1254 2602 ιιι
1275 2539 1405 2603 favente
1428 2536 1499 2602 Deo
1527 2538 1589 2619 piis
1611 2540 1761 2604 omnibus
1789 2542 2035 2622 satisfaciamus,
2059 2552 2094 2610 et

98 2627 244 2708 inquam,
268 2625 415 2710 symbola
441 2625 585 2706 accipere
608 2634 640 2689 et
662 2646 716 2689 ore
739 2622 908 2706 deglutire,
927 2635 963 2688 ut
987 2623 1071 2688 sicut
1121 2624 1342 2689 tumultuosos
1363 2644 1476 2688 omnes
1497 2623 1637 2706 egregie,
1660 2625 1688 2688 si
1704 2626 1805 2690 semel
1827 2647 1909 2710 quae
1927 2633 2095 2711 posuimus

98 2712 182 2777 haec
205 2715 272 2775 vita
293 2712 421 2775 fovetur
443 2709 647 2793 corruptibili
675 2710 839 2787 alimento,
866 2709 912 2774 sic
936 2719 1070 2774 aeterna
1121 2710 1349 2785 concesserint,
1371 2728 1622 2790 compescamus.
1667 2710 1809 2775 Tantum
1828 2733 1906 2796 rogo
1928 2725 1961 2779 te
1982 2724 2014 2778 et
2036 2714 2092 2779 ob·

98 2797 170 2864 vita
190 2819 230 2861 ex
254 2797 382 2861 vivifico
405 2796 530 2860 Christi
551 2816 684 2878 corpore
712 2795 805 2859 nobis
827 2795 920 2858 unito
947 2796 982 2858 in
1010 2815 1070 2858 nos
1122 2803 1223 2858 testor
1245 2816 1319 2859 cum
1342 2795 1475 2875 reliquis
1497 2815 1577 2876 quos
1598 2794 1820 2862 admonendos
1848 2799 1982 2879 putaris,
2010 2810 2048 2868 ut
2064 2801 2093 2867 si

97 2892 281 2966 promanat,
303 2881 515 2964 quamobrem
537 2882 644 2957 etiam,
667 2890 704 2944 ut
732 2879 874 2944 naturali
897 2878 991 2944 modo
1013 2880 1068 2945 ab·
1121 2901 1201 2963 quos
1223 2881 1419 2962 compereris
1441 2879 1494 2945 hic
1516 2878 1648 2958 offendi,
1675 2902 1740 2945 uno
1761 2881 1861 2948 verbo
1884 2885 2092 2968 respondeas,

97 2968 152 3047 sit,
177 2980 285 3032 tamen
303 2967 439 3050 spiritus
461 2966 597 3043 vinculo,
625 2987 683 3048 per
703 2963 810 3041 fidem,
839 2966 884 3028 ita
905 2977 955 3029 est
976 2983 1069 3047 prae·
1121 2972 1154 3029 te
1177 2964 1217 3028 de
1239 2986 1312 3030 mea
1333 2963 1397 3029 fide
1425 2986 1577 3030 securum
1604 2986 1674 3030 esse
1703 2966 1765 3047 (ita
1792 2970 1880 3032 enim
1909 2979 2034 3046 statuo)
2060 2979 2094 3037 et

98 3073 187 3130 sens,
211 3066 246 3117 ut
268 3055 297 3119 si
319 3052 464 3117 naturali
485 3051 580 3116 modo
603 3050 731 3117 adesset
762 3071 829 3114 non
865 3050 980 3133 magis,
1003 3052 1076 3114 imo·
1121 3061 1208 3115 certo
1231 3050 1290 3116 tibi
1312 3050 1468 3134 polliceri,
1491 3050 1596 3132 siqui
1618 3051 2092 3140 fuerintquiadoppugnau·

99 3161 142 3205 ne
164 3147 232 3204 tam
254 3139 383 3222 quidem
406 3137 580 3203 efficaciter
606 3157 758 3219 praesens
785 3137 883 3200 fuerit
910 3136 1067 3200 futurum.
1121 3135 1196 3200 dam
1229 3136 1400 3200 veritatem
1433 3135 1496 3202 hac
1527 3144 1641 3200 nostra
1672 3137 1871 3204 confessione
1903 3140 2091 3221 abutantur,

188 3223 284 3305 Quod
306 3224 455 3307 symbola
477 3222 614 3287 dicimus
636 3242 705 3286 rem
727 3222 832 3305 ipsam
856 3241 984 3303 semper
1010 3222 1068 3285 ha·
1121 3242 1173 3286 me
1195 3222 1229 3285 in
1251 3229 1407 3304 promptu
1428 3219 1513 3303 quod
1536 3220 1751 3304 respondeam
1773 3222 1972 3291 habiturum.
2024 3225 2092 3293 Sed

99 3311 177 3376 bere
197 3310 411 3380 coniunctam.
435 3330 501 3372 non
523 3310 594 3377 sine
616 3307 805 3389 exceptione
828 3307 987 3388 scriptum
1009 3315 1068 3373 est.
1120 3328 1199 3371 sane
1222 3306 1358 3371 meliora
1379 3327 1511 3388 sperare
1533 3307 1621 3371 libet.
1666 3307 1773 3372 Audio
1796 3309 1883 3374 enim
1901 3312 2092 3378 convenisse

97 3393 266 3471 Dicuntur
291 3396 376 3458 enim
401 3397 481 3460 haec
504 3394 568 3458 Dei
598 3393 818 3475 promittentis
846 3401 1005 3474 respectu,
1036 3408 1071 3457 et
1122 3403 1157 3456 ut
1178 3393 1212 3456 in
1234 3391 1395 3473 colloquio
1416 3392 1473 3456 illo
1495 3391 1629 3456 tandem
1651 3393 1751 3457 etiam
1769 3404 1881 3460 nostra
1902 3417 1979 3478 pars
2000 3396 2091 3462 audi·

99 3481 341 3548 coniunctionis
364 3480 498 3544 modum
521 3500 675 3560 expresse
697 3498 856 3562 negamus
885 3478 1070 3543 naturalem
1121 3487 1214 3542 atur:
1249 3477 1336 3559 quod
1358 3476 1388 3541 si
1410 3499 1525 3543 verum
1550 3488 1610 3556 est,
1642 3499 1708 3542 nou
1730 3476 1843 3544 dubito
1864 3482 1943 3562 quin
1978 3503 2091 3549 eorum

98 3587 181 3644 esse,
204 3567 321 3648 quibus
343 3564 452 3630 verbis
474 3564 679 3630 excludimus
701 3562 855 3646 quidquid
878 3563 911 3626 in
935 3584 1070 3629 sensum
1119 3563 1264 3644 ipsorum
1286 3583 1386 3646 opera
1407 3561 1441 3627 id
1464 3563 1508 3627 sit
1529 3563 1660 3639 iactum,
1684 3564 1703 3626 a'
1725 3565 1843 3645 quibus
1865 3577 1974 3631 tamen
1997 3566 2090 3633 video

98 3653 281 3717 humanum
303 3648 418 3715 cadere
440 3660 555 3733 potest.
1120 3647 1288 3731 plerosque
1317 3647 1401 3728 nihil
1428 3658 1625 3729 exspectare.
1682 3648 1755 3732 Ego
1781 3649 1912 3732 quidem
1941 3653 2092 3720 omnibus

185 3736 411 3802 Praesentiam
433 3737 577 3818 eorporis
600 3735 726 3800 Christi
746 3735 782 3798 in
804 3755 903 3799 coena
927 3733 1069 3801 diximus
1119 3731 1225 3797 modis
1258 3754 1332 3797 sum
1370 3734 1539 3815 imperitus
1550 3733 1578 3815 ⁴)
1615 3732 1670 3798 sed
1705 3746 1814 3798 tamen
1854 3751 1968 3802 contra
2000 3759 2091 3819 spem

97 3822 242 3888 retinere
265 3844 302 3887 ao
320 3820 502 3897 defendere,
531 3820 589 3885 sed
611 3840 648 3884 eo
673 3821 742 3902 ipso
764 3819 860 3885 modo
888 3842 953 3903 quo
976 3840 1069 3901 prae·
1120 3839 1224 3901 spero,
1246 3839 1283 3883 ao
1303 3838 1407 3901 paene
1429 3819 1565 3896 confido,
1595 3818 1649 3883 vel
1677 3819 1856 3886 ineundam
1883 3822 2089 3888 concordiam

98 3909 239 3973 sentiam
257 3907 475 3985 definivimus,
490 3927 574 3988 quae
592 3905 676 3971 ratio
700 3907 725 3970 si
744 3904 860 3983 valeat,
884 3926 950 3972 non
972 3904 1069 3970 video
1120 3905 1147 3970 si
1177 3904 1371 3986 colloquium
1399 3904 1460 3969 hoc
1488 3924 1555 3968 non
1579 3904 1786 3982 detrectatur,
1815 3905 1869 3971 vel
1897 3907 2012 3971 saltem
2042 3911 2090 3974 ita

98 3994 155 4077 qui
173 3993 274 4076 possit
291 3992 345 4057 vel
355 3992 538 4058 infidelium
554 3990 772 4067 manducatio,
796 3991 848 4056 vel
865 3991 1070 4056 immensitas
1119 3987 1294 4072 placandos
1315 3991 1441 4053 animos
1463 3998 1500 4053 ut
1520 3988 1677 4071 paulatim
1696 3991 1805 4056 ducat
1826 3993 1957 4057 veritas.
2002 3994 2089 4058 Tan-

98 4079 254 4163 corporis,
277 4099 376 4163 quam
398 4077 519 4145 diserte
541 4076 695 4154 tollimus,
718 4076 904 4142 consistere.
955 4076 1069 4158 Neque
1120 4083 1191 4140 tum
1213 4094 1376 4157 cuperem,
1400 4074 1485 4141 hanc
1507 4075 1692 4156 opinionem
1715 4096 1756 4139 ex
1778 4077 1896 4141 animis
1918 4077 2089 4143 hominum

97 4163 180 4230 haec
201 4163 349 4247 loquutio
360 4163 456 4229 nobis
476 4184 555 4228 sane
567 4160 696 4228 videtur
707 4161 871 4241 inusitata,
890 4160 955 4226 nisi
966 4181 1069 4244 quum
1120 4159 1297 4237 revulsam,
1320 4168 1453 4226 neutros
1475 4158 1653 4243 quidquam
1677 4181 1748 4226 esse
1777 4160 1818 4225 de
1846 4182 1905 4226 sua
1926 4164 2089 4229 sententia

98 4247 140 4314 de
161 4249 366 4333 praesentiae
390 4247 486 4314 modo
508 4247 649 4312 naturali
679 4246 799 4331 agitur.
853 4248 947 4313 Tunc
979 4247 1068 4311 enim
1119 4246 1322 4324 remissoros,
1352 4245 1473 4325 scripta
1498 4266 1571 4310 esse
1600 4267 1637 4311 ac
1661 4244 1790 4312 decreta
1818 4246 2026 4315 severissima
2053 4250 2089 4317 in

98 4333 212 4400 abesse
234 4333 359 4400 Christi
387 4356 504 4417 corpus
536 4332 665 4411 dicitur,
695 4332 815 4416 alioqui
843 4334 870 4399 si
898 4332 1068 4397 Christum
1119 4350 1180 4397 nos
1212 4331 1328 4410 edicta,
1356 4331 1440 4395 nihil
1466 4330 1540 4395 illos
1562 4339 1691 4414 praeter
1714 4332 1939 4416 augustanam
1966 4334 2089 4401 confes

98 4418 246 4486 dicamus
268 4420 536 4499 acoenaabesse,
559 4418 733 4484 nouvideo
755 4419 811 4501 qui
832 4418 980 4503 symbola
1001 4440 1067 4484 non
1118 4419 1243 4482 sionem
1265 4425 1462 4501 accepturos.
1518 4418 1564 4480 At
1585 4436 1655 4499 ego,
1688 4417 1786 4481 etiam
1819 4419 1847 4483 si
1871 4417 1950 4484 haec
1976 4420 2088 4486 omnia

97 4526 301 4572 evacuemus.
1118 4502 1200 4568 mihi
1223 4502 1479 4585 compertissima
1500 4509 1618 4580 essent,
1640 4510 1751 4566 tamen
1775 4513 1812 4567 ut
1833 4504 1940 4569 omnis
1962 4506 2086 4571 occasio

184 4590 324 4672 Quaeris
355 4589 433 4674 quid
466 4591 605 4674 amplius
637 4588 688 4653 illi
716 4610 736 4653 a
767 4587 860 4654 nobis
887 4598 1066 4672 poscerent.
1118 4588 1358 4654 calumniarum
1380 4585 1629 4671 praecideretur,
1656 4588 1807 4653 omnibus
1833 4591 1938 4654 modis
1965 4612 2086 4673 urgen-

96 4673 235 4749 Utinam
256 4697 334 4744 vero
356 4674 448 4740 nihil.
505 4675 573 4741 Sed
600 4674 661 4740 hoc
683 4695 799 4757 nempe
823 4683 1003 4757 poscerent,
1030 4684 1068 4739 ut
1118 4673 1196 4738 dum
1222 4673 1416 4756 colloquium
1445 4693 1629 4749 censerem,
1662 4672 1784 4737 nedum
1814 4682 1852 4737 ut
1883 4675 1992 4739 oblata
2032 4677 2085 4742 vel

98 4759 270 4828 Christum
287 4762 427 4845 inpane,
451 4780 526 4828 oum
538 4780 631 4845 pane,
652 4760 713 4825 sub
734 4780 816 4842 pane
828 4780 1066 4841 quaereremus,
1117 4760 1253 4824 minima
1285 4759 1356 4823 eius
1383 4756 1551 4824 obtinendi
1582 4759 1707 4823 occasio
1740 4768 1921 4841 respuatur.
1976 4758 2085 4841 Quam

97 4868 194 4933 quem
216 4869 277 4914 nos
296 4847 439 4914 iuooelis
451 4869 522 4913 esse
544 4845 704 4930 corporali
714 4866 771 4911 suo
782 4845 878 4910 modo
900 4866 942 4910 ex
963 4845 1065 4928 scrip-
1116 4843 1222 4909 multa
1242 4844 1320 4910 iacit
1340 4841 1482 4928 quotidie
1498 4852 1628 4925 praeter
1645 4852 1789 4909 nostram
1807 4847 2084 4926 exspectationem

96 4941 175 4998 tura
195 4933 341 5013 dicimus,
364 4943 397 4998 et
425 4944 537 4998 tamen
565 4953 641 4996 vere
669 4952 740 4997 sese
772 4928 865 4995 nobis
898 4931 933 4994 in
965 4951 1066 4996 coena

96 5013 346 5096 communicare,
369 5020 529 5102 quianon
552 5017 724 5083 haeremus
751 5017 787 5080 in
813 5014 979 5100 symbolis,
1007 5014 1066 5081 sed
1217 5065 1247 5130 3)
1266 5066 1307 5119 ὼ
1325 5065 1378 5135 ,395
1395 5065 1488 5120 mm
1524 5070 1641 5118 mm
1681 5063 1771 5118 Amr
1823 5063 1894 5118 ..dm
1912 5065 1953 5118 ,u
1972 5066 2086 5134 mm

97 5104 139 5171 iis
162 5105 262 5171 veluti
284 5105 380 5171 scalis
400 5105 437 5169 in
458 5104 585 5170 coelum
607 5102 811 5200 ascendimus
829 5109 1065 5202 quatenusper
1115 5141 1146 5190 υ,
1163 5140 1193 5190 2,
1209 5135 1294 5204 hym
1309 5149 1416 5202 pom„
1434 5080 1641 5200 ,mium
1658 5133 1717 5185 g„
1734 5080 1822 5186 ,ww

97 5211 137 5256 ea
158 5189 194 5256 in
216 5189 308 5257 nobis
319 5190 400 5256 fides
410 5191 622 5256 confirmatur
644 5211 681 5256 ac
698 5196 853 5267 nutritur,
876 5186 1064 5252 adunrcum
1217 5201 1248 5270 ι)
1266 5203 1424 5273 impetitus?

1827 5283 1877 5338 890
