<?xml version="1.0" encoding="UTF-8"?>
<!DOCTYPE html PUBLIC "-//W3C//DTD XHTML 1.0 Transitional//EN"
    "http://www.w3.org/TR/xhtml1/DTD/xhtml1-transitional.dtd">
<html xmlns="http://www.w3.org/1999/xhtml" xml:lang="en" lang="en">
 <head>
  <title>
</title>
<meta http-equiv="Content-Type" content="text/html;charset=utf-8" />
  <meta name='ocr-system' content='tesseract 3.04.00' />
  <meta name='ocr-capabilities' content='ocr_page ocr_carea ocr_par ocr_line ocrx_word'/>
</head>
<body>
  <div class='ocr_page' id='page_1' title='image "./ioanniscalvinio00reusgoog_0121.png"; bbox 0 0 4778 5888; ppageno 0'>
   <div class='ocr_carea' id='block_1_1' title="bbox 290 330 2291 428">
    <p class='ocr_par' dir='ltr' id='par_1_1' title="bbox 290 330 2291 428">
     <span class='ocr_line' id='line_1_1' title="bbox 290 330 2291 428; baseline 0 -28"><span class='ocrx_word' id='word_1_1' title='bbox 290 339 352 401; x_wconf 78' lang='lat' dir='ltr'>aas</span> <span class='ocrx_word' id='word_1_2' title='bbox 1007 330 1303 399; x_wconf 48' lang='lat' dir='ltr'>*umsuonsu</span> <span class='ocrx_word' id='word_1_3' title='bbox 1325 334 1537 401; x_wconf 74' lang='lat'>2495-2498</span> <span class='ocrx_word' id='word_1_4' title='bbox 1684 418 1687 428; x_wconf 24' lang='grc' dir='ltr'>Ι</span> <span class='ocrx_word' id='word_1_5' title='bbox 2104 396 2114 418; x_wconf 71' lang='lat'>,</span> <span class='ocrx_word' id='word_1_6' title='bbox 2227 339 2291 402; x_wconf 81' lang='lat'>224</span> 
     </span>
    </p>
   </div>
   <div class='ocr_carea' id='block_1_2' title="bbox 289 519 2378 2578">
    <p class='ocr_par' dir='ltr' id='par_1_2' title="bbox 289 519 2378 2578">
     <span class='ocr_line' id='line_1_2' title="bbox 289 519 2292 607; baseline -0.002 -15"><span class='ocrx_word' id='word_1_7' title='bbox 289 525 445 593; x_wconf 88' lang='lat' dir='ltr'>derebus</span> <span class='ocrx_word' id='word_1_8' title='bbox 467 524 616 590; x_wconf 90' lang='lat' dir='ltr'>omnibus</span> <span class='ocrx_word' id='word_1_9' title='bbox 638 520 827 587; x_wconf 79' lang='lat' dir='ltr'><strong>admonebis</strong></span> <span class='ocrx_word' id='word_1_10' title='bbox 849 533 883 586; x_wconf 90' lang='lat' dir='ltr'>et</span> <span class='ocrx_word' id='word_1_11' title='bbox 905 521 1034 606; x_wconf 77' lang='lat' dir='ltr'>diriges.</span> <span class='ocrx_word' id='word_1_12' title='bbox 1078 521 1202 586; x_wconf 84' lang='lat' dir='ltr'>Audies</span> <span class='ocrx_word' id='word_1_13' title='bbox 1224 519 1264 589; x_wconf 88' lang='lat' dir='ltr'>de</span> <span class='ocrx_word' id='word_1_14' title='bbox 1314 522 1408 606; x_wconf 83' lang='lat' dir='ltr'>fugit.</span> <span class='ocrx_word' id='word_1_15' title='bbox 1453 523 1600 588; x_wconf 83' lang='lat' dir='ltr'>Maximo</span> <span class='ocrx_word' id='word_1_16' title='bbox 1633 542 1708 588; x_wconf 91' lang='lat' dir='ltr'>eum</span> <span class='ocrx_word' id='word_1_17' title='bbox 1739 523 1850 590; x_wconf 86' lang='lat' dir='ltr'>labore</span> <span class='ocrx_word' id='word_1_18' title='bbox 1882 531 1916 588; x_wconf 89' lang='lat' dir='ltr'>et</span> <span class='ocrx_word' id='word_1_19' title='bbox 1948 523 2099 588; x_wconf 88' lang='lat' dir='ltr'>molestia</span> <span class='ocrx_word' id='word_1_20' title='bbox 2129 523 2292 607; x_wconf 77' lang='lat' dir='ltr'>&#39;ligurum</span> 
     </span>
     <span class='ocr_line' id='line_1_3' title="bbox 293 604 2354 694; baseline 0 -21"><span class='ocrx_word' id='word_1_21' title='bbox 293 610 449 694; x_wconf 75' lang='lat' dir='ltr'>Collougio</span> <span class='ocrx_word' id='word_1_22' title='bbox 482 621 592 674; x_wconf 90' lang='lat' dir='ltr'>nostro</span> <span class='ocrx_word' id='word_1_23' title='bbox 602 606 630 694; x_wconf 79' lang='lat'>²)</span> <span class='ocrx_word' id='word_1_24' title='bbox 660 607 738 691; x_wconf 93' lang='lat' dir='ltr'>quid</span> <span class='ocrx_word' id='word_1_25' title='bbox 770 606 921 674; x_wconf 66' lang='lat' dir='ltr'>Foedus</span> <span class='ocrx_word' id='word_1_26' title='bbox 947 607 1070 690; x_wconf 90' lang='lat' dir='ltr'>oeperit</span> <span class='ocrx_word' id='word_1_27' title='bbox 1098 604 1264 684; x_wconf 75' lang='lat' dir='ltr'>oonuilii‘,</span> <span class='ocrx_word' id='word_1_28' title='bbox 1314 609 1461 689; x_wconf 86' lang='lat' dir='ltr'>perveni,</span> <span class='ocrx_word' id='word_1_29' title='bbox 1489 609 1537 672; x_wconf 87' lang='lat' dir='ltr'>ita</span> <span class='ocrx_word' id='word_1_30' title='bbox 1565 616 1603 673; x_wconf 87' lang='lat' dir='ltr'>ut</span> <span class='ocrx_word' id='word_1_31' title='bbox 1630 609 1757 694; x_wconf 78' lang='lat' dir='ltr'>ingenti</span> <span class='ocrx_word' id='word_1_32' title='bbox 1784 616 1876 674; x_wconf 89' lang='lat' dir='ltr'>aestu</span> <span class='ocrx_word' id='word_1_33' title='bbox 1899 629 2002 691; x_wconf 93' lang='lat' dir='ltr'>paene</span> <span class='ocrx_word' id='word_1_34' title='bbox 2019 609 2081 673; x_wconf 90' lang='lat' dir='ltr'>sim</span> <span class='ocrx_word' id='word_1_35' title='bbox 2100 607 2291 674; x_wconf 80' lang='lat' dir='ltr'>dissolutus.</span> <span class='ocrx_word' id='word_1_36' title='bbox 2351 673 2354 683; x_wconf 19' lang='grc' dir='ltr'>ι</span> 
     </span>
     <span class='ocr_line' id='line_1_4' title="bbox 290 690 2350 777; baseline -0 -15"><span class='ocrx_word' id='word_1_37' title='bbox 290 696 331 762; x_wconf 92' lang='lat' dir='ltr'>de</span> <span class='ocrx_word' id='word_1_38' title='bbox 352 695 556 763; x_wconf 88' lang='lat' dir='ltr'>admonendo</span> <span class='ocrx_word' id='word_1_39' title='bbox 577 694 670 777; x_wconf 84' lang='lat' dir='ltr'>Rege</span> <span class='ocrx_word' id='word_1_40' title='bbox 691 703 725 758; x_wconf 92' lang='lat' dir='ltr'>et</span> <span class='ocrx_word' id='word_1_41' title='bbox 747 692 787 759; x_wconf 93' lang='lat' dir='ltr'>de</span> <span class='ocrx_word' id='word_1_42' title='bbox 809 692 1016 777; x_wconf 88' lang='lat' dir='ltr'>suseipienda</span> <span class='ocrx_word' id='word_1_43' title='bbox 1037 691 1201 774; x_wconf 82' lang='lat' dir='ltr'>legatione</span> <span class='ocrx_word' id='word_1_44' title='bbox 1223 690 1265 756; x_wconf 86' lang='lat' dir='ltr'>ad</span> <span class='ocrx_word' id='word_1_45' title='bbox 1314 692 1453 759; x_wconf 79' lang='lat' dir='ltr'>Caetera</span> <span class='ocrx_word' id='word_1_46' title='bbox 1483 693 1689 759; x_wconf 87' lang='lat' dir='ltr'>inoommoda</span> <span class='ocrx_word' id='word_1_47' title='bbox 1709 701 1809 761; x_wconf 90' lang='lat' dir='ltr'>taoeo.</span> <span class='ocrx_word' id='word_1_48' title='bbox 1862 693 1936 760; x_wconf 90' lang='lat' dir='ltr'>Hoe</span> <span class='ocrx_word' id='word_1_49' title='bbox 1969 715 2046 759; x_wconf 89' lang='lat' dir='ltr'>vero</span> <span class='ocrx_word' id='word_1_50' title='bbox 2078 693 2208 761; x_wconf 79' lang='lat' dir='ltr'>faoilius</span> <span class='ocrx_word' id='word_1_51' title='bbox 2236 716 2291 761; x_wconf 91' lang='lat' dir='ltr'>me</span> <span class='ocrx_word' id='word_1_52' title='bbox 2345 707 2350 715; x_wconf 79' lang='grc'><em>·</em></span> 
     </span>
     <span class='ocr_line' id='line_1_5' title="bbox 291 775 2291 864; baseline -0.002 -15"><span class='ocrx_word' id='word_1_53' title='bbox 291 782 491 849; x_wconf 85' lang='lat' dir='ltr'>Germaniae</span> <span class='ocrx_word' id='word_1_54' title='bbox 502 781 665 864; x_wconf 79' lang='lat' dir='ltr'>principes</span> <span class='ocrx_word' id='word_1_55' title='bbox 686 800 745 862; x_wconf 90' lang='lat' dir='ltr'>pro</span> <span class='ocrx_word' id='word_1_56' title='bbox 757 779 966 845; x_wconf 88' lang='lat' dir='ltr'>eoelesiarum</span> <span class='ocrx_word' id='word_1_57' title='bbox 977 776 1159 845; x_wconf 87' lang='lat' dir='ltr'>ooneordia.</span> <span class='ocrx_word' id='word_1_58' title='bbox 1187 775 1264 842; x_wconf 92' lang='lat' dir='ltr'>Duo</span> <span class='ocrx_word' id='word_1_59' title='bbox 1315 778 1466 845; x_wconf 92' lang='lat' dir='ltr'>delusum</span> <span class='ocrx_word' id='word_1_60' title='bbox 1491 801 1562 846; x_wconf 91' lang='lat' dir='ltr'>esse</span> <span class='ocrx_word' id='word_1_61' title='bbox 1586 779 1667 858; x_wconf 85' lang='lat' dir='ltr'>fero,</span> <span class='ocrx_word' id='word_1_62' title='bbox 1696 780 1782 863; x_wconf 90' lang='lat' dir='ltr'>quod</span> <span class='ocrx_word' id='word_1_63' title='bbox 1810 778 1843 845; x_wconf 92' lang='lat' dir='ltr'>id</span> <span class='ocrx_word' id='word_1_64' title='bbox 1869 779 1958 845; x_wconf 92' lang='lat' dir='ltr'>haud</span> <span class='ocrx_word' id='word_1_65' title='bbox 1980 779 2076 845; x_wconf 88' lang='lat' dir='ltr'>aliter</span> <span class='ocrx_word' id='word_1_66' title='bbox 2093 790 2291 853; x_wconf 87' lang='lat' dir='ltr'>eventurum</span> 
     </span>
     <span class='ocr_line' id='line_1_6' title="bbox 291 864 2292 950; baseline -0.001 -16"><span class='ocrx_word' id='word_1_67' title='bbox 291 874 372 935; x_wconf 91' lang='lat' dir='ltr'>sunt</span> <span class='ocrx_word' id='word_1_68' title='bbox 399 888 482 948; x_wconf 86' lang='lat' dir='ltr'>quae</span> <span class='ocrx_word' id='word_1_69' title='bbox 511 888 562 931; x_wconf 92' lang='lat' dir='ltr'>me</span> <span class='ocrx_word' id='word_1_70' title='bbox 591 873 799 930; x_wconf 89' lang='lat' dir='ltr'>remorantur</span> <span class='ocrx_word' id='word_1_71' title='bbox 822 886 884 947; x_wconf 88' lang='lat' dir='ltr'>quo</span> <span class='ocrx_word' id='word_1_72' title='bbox 906 865 1017 929; x_wconf 89' lang='lat' dir='ltr'>minus</span> <span class='ocrx_word' id='word_1_73' title='bbox 1034 864 1129 930; x_wconf 87' lang='lat' dir='ltr'>faeile</span> <span class='ocrx_word' id='word_1_74' title='bbox 1151 883 1264 928; x_wconf 88' lang='lat' dir='ltr'>assen-</span> <span class='ocrx_word' id='word_1_75' title='bbox 1314 864 1396 929; x_wconf 90' lang='lat' dir='ltr'>mihi</span> <span class='ocrx_word' id='word_1_76' title='bbox 1419 876 1496 930; x_wconf 89' lang='lat' dir='ltr'>ante</span> <span class='ocrx_word' id='word_1_77' title='bbox 1518 866 1649 930; x_wconf 88' lang='lat' dir='ltr'>animus</span> <span class='ocrx_word' id='word_1_78' title='bbox 1678 866 1889 950; x_wconf 82' lang='lat' dir='ltr'>praesagiret</span> <span class='ocrx_word' id='word_1_79' title='bbox 1930 864 2085 931; x_wconf 91' lang='lat' dir='ltr'>Nondum</span> <span class='ocrx_word' id='word_1_80' title='bbox 2107 874 2220 931; x_wconf 90' lang='lat' dir='ltr'>tamen</span> <span class='ocrx_word' id='word_1_81' title='bbox 2237 887 2292 950; x_wconf 70' lang='lat' dir='ltr'>ve·</span> 
     </span>
     <span class='ocr_line' id='line_1_7' title="bbox 290 949 2291 1036; baseline -0.001 -17"><span class='ocrx_word' id='word_1_82' title='bbox 290 955 363 1018; x_wconf 90' lang='lat' dir='ltr'>tiar.</span> <span class='ocrx_word' id='word_1_83' title='bbox 403 952 554 1018; x_wconf 88' lang='lat' dir='ltr'>Primum</span> <span class='ocrx_word' id='word_1_84' title='bbox 575 960 664 1015; x_wconf 90' lang='lat' dir='ltr'>aetas</span> <span class='ocrx_word' id='word_1_85' title='bbox 688 950 819 1028; x_wconf 82' lang='lat' dir='ltr'>Forellt‘,</span> <span class='ocrx_word' id='word_1_86' title='bbox 838 951 931 1016; x_wconf 88' lang='lat' dir='ltr'>euius</span> <span class='ocrx_word' id='word_1_87' title='bbox 955 949 1135 1016; x_wconf 87' lang='lat' dir='ltr'>valetudini</span> <span class='ocrx_word' id='word_1_88' title='bbox 1152 957 1264 1014; x_wconf 91' lang='lat' dir='ltr'>metuo</span> <span class='ocrx_word' id='word_1_89' title='bbox 1312 949 1373 1015; x_wconf 91' lang='lat' dir='ltr'>lim</span> <span class='ocrx_word' id='word_1_90' title='bbox 1395 972 1541 1016; x_wconf 78' lang='lat' dir='ltr'>asserere</span> <span class='ocrx_word' id='word_1_91' title='bbox 1558 949 1637 1035; x_wconf 89' lang='lat' dir='ltr'>quid</span> <span class='ocrx_word' id='word_1_92' title='bbox 1655 953 1691 1016; x_wconf 93' lang='lat' dir='ltr'>in</span> <span class='ocrx_word' id='word_1_93' title='bbox 1713 958 1884 1036; x_wconf 87' lang='lat' dir='ltr'>posterum</span> <span class='ocrx_word' id='word_1_94' title='bbox 1905 951 1972 1017; x_wconf 91' lang='lat' dir='ltr'>siut</span> <span class='ocrx_word' id='word_1_95' title='bbox 1993 949 2122 1025; x_wconf 75' lang='lat' dir='ltr'>facturi,</span> <span class='ocrx_word' id='word_1_96' title='bbox 2145 972 2188 1016; x_wconf 83' lang='lat' dir='ltr'>ex</span> <span class='ocrx_word' id='word_1_97' title='bbox 2210 973 2291 1034; x_wconf 79' lang='lat' dir='ltr'>quo·</span> 
     </span>
     <span class='ocr_line' id='line_1_8' title="bbox 291 1034 2293 1121; baseline -0.001 -14"><span class='ocrx_word' id='word_1_98' title='bbox 291 1040 321 1107; x_wconf 89' lang='lat' dir='ltr'>si</span> <span class='ocrx_word' id='word_1_99' title='bbox 348 1039 411 1105; x_wconf 90' lang='lat' dir='ltr'>hoo</span> <span class='ocrx_word' id='word_1_100' title='bbox 440 1048 585 1121; x_wconf 88' lang='lat' dir='ltr'>tempore</span> <span class='ocrx_word' id='word_1_101' title='bbox 608 1047 676 1101; x_wconf 89' lang='lat' dir='ltr'>tam</span> <span class='ocrx_word' id='word_1_102' title='bbox 697 1036 829 1120; x_wconf 85' lang='lat' dir='ltr'>longam</span> <span class='ocrx_word' id='word_1_103' title='bbox 851 1036 1008 1119; x_wconf 78' lang='lat' dir='ltr'>suscipiat</span> <span class='ocrx_word' id='word_1_104' title='bbox 1029 1034 1265 1119; x_wconf 82' lang='lat' dir='ltr'>peregrinatio·</span> <span class='ocrx_word' id='word_1_105' title='bbox 1313 1058 1389 1100; x_wconf 94' lang='lat' dir='ltr'>rum</span> <span class='ocrx_word' id='word_1_106' title='bbox 1410 1046 1495 1102; x_wconf 91' lang='lat' dir='ltr'>nutu</span> <span class='ocrx_word' id='word_1_107' title='bbox 1516 1047 1553 1102; x_wconf 94' lang='lat' dir='ltr'>ut</span> <span class='ocrx_word' id='word_1_108' title='bbox 1574 1045 1664 1103; x_wconf 91' lang='lat' dir='ltr'>totus</span> <span class='ocrx_word' id='word_1_109' title='bbox 1675 1038 1835 1121; x_wconf 87' lang='lat' dir='ltr'>pendeam</span> <span class='ocrx_word' id='word_1_110' title='bbox 1854 1037 1941 1120; x_wconf 84' lang='lat' dir='ltr'>eogit</span> <span class='ocrx_word' id='word_1_111' title='bbox 1963 1037 2149 1102; x_wconf 87' lang='lat' dir='ltr'>neeessitas.</span> <span class='ocrx_word' id='word_1_112' title='bbox 2189 1037 2293 1104; x_wconf 78' lang='lat' dir='ltr'>Varro</span> 
     </span>
     <span class='ocr_line' id='line_1_9' title="bbox 289 1121 2294 1206; baseline -0 -17"><span class='ocrx_word' id='word_1_113' title='bbox 289 1146 376 1190; x_wconf 91' lang='lat' dir='ltr'>nem.</span> <span class='ocrx_word' id='word_1_114' title='bbox 415 1123 544 1189; x_wconf 92' lang='lat' dir='ltr'>Deinde</span> <span class='ocrx_word' id='word_1_115' title='bbox 573 1123 682 1187; x_wconf 88' lang='lat' dir='ltr'>neseio</span> <span class='ocrx_word' id='word_1_116' title='bbox 716 1144 758 1187; x_wconf 90' lang='lat' dir='ltr'>an</span> <span class='ocrx_word' id='word_1_117' title='bbox 786 1122 874 1188; x_wconf 93' lang='lat' dir='ltr'>solus</span> <span class='ocrx_word' id='word_1_118' title='bbox 899 1123 978 1188; x_wconf 89' lang='lat' dir='ltr'>satis</span> <span class='ocrx_word' id='word_1_119' title='bbox 1011 1121 1126 1187; x_wconf 86' lang='lat' dir='ltr'>dextre</span> <span class='ocrx_word' id='word_1_120' title='bbox 1153 1121 1264 1184; x_wconf 89' lang='lat' dir='ltr'>omnia</span> <span class='ocrx_word' id='word_1_121' title='bbox 1313 1121 1445 1205; x_wconf 91' lang='lat' dir='ltr'>quidem</span> <span class='ocrx_word' id='word_1_122' title='bbox 1467 1135 1500 1188; x_wconf 94' lang='lat' dir='ltr'>et</span> <span class='ocrx_word' id='word_1_123' title='bbox 1524 1121 1715 1191; x_wconf 71' lang='lat' dir='ltr'>Pellteorius</span> <span class='ocrx_word' id='word_1_124' title='bbox 1723 1127 1753 1196; x_wconf 61' lang='grc' dir='ltr'>ὅ)</span> <span class='ocrx_word' id='word_1_125' title='bbox 1771 1123 1860 1199; x_wconf 85' lang='lat' dir='ltr'>hisee</span> <span class='ocrx_word' id='word_1_126' title='bbox 1871 1123 2086 1189; x_wconf 90' lang='lat' dir='ltr'>inoommodis</span> <span class='ocrx_word' id='word_1_127' title='bbox 2107 1124 2294 1206; x_wconf 87' lang='lat' dir='ltr'>potuissent</span> 
     </span>
     <span class='ocr_line' id='line_1_10' title="bbox 291 1206 2294 1293; baseline -0.001 -17"><span class='ocrx_word' id='word_1_128' title='bbox 291 1207 381 1276; x_wconf 88' lang='lat' dir='ltr'>obire</span> <span class='ocrx_word' id='word_1_129' title='bbox 414 1210 518 1292; x_wconf 90' lang='lat' dir='ltr'>possit</span> <span class='ocrx_word' id='word_1_130' title='bbox 557 1230 638 1292; x_wconf 88' lang='lat' dir='ltr'>quae</span> <span class='ocrx_word' id='word_1_131' title='bbox 667 1210 702 1272; x_wconf 93' lang='lat' dir='ltr'>in</span> <span class='ocrx_word' id='word_1_132' title='bbox 735 1208 797 1274; x_wconf 91' lang='lat' dir='ltr'>hae</span> <span class='ocrx_word' id='word_1_133' title='bbox 835 1208 1001 1292; x_wconf 80' lang='lat' dir='ltr'>legatione</span> <span class='ocrx_word' id='word_1_134' title='bbox 1041 1207 1262 1289; x_wconf 90' lang='lat' dir='ltr'>requiruntur.</span> <span class='ocrx_word' id='word_1_135' title='bbox 1314 1227 1495 1286; x_wconf 89' lang='lat' dir='ltr'>ooourrere‚</span> <span class='ocrx_word' id='word_1_136' title='bbox 1514 1206 1632 1292; x_wconf 92' lang='lat' dir='ltr'>quibus</span> <span class='ocrx_word' id='word_1_137' title='bbox 1649 1208 1711 1276; x_wconf 92' lang='lat' dir='ltr'>hoo</span> <span class='ocrx_word' id='word_1_138' title='bbox 1732 1210 1901 1293; x_wconf 84' lang='lat' dir='ltr'>negotium</span> <span class='ocrx_word' id='word_1_139' title='bbox 1920 1216 1991 1273; x_wconf 89' lang='lat' dir='ltr'>erat</span> <span class='ocrx_word' id='word_1_140' title='bbox 2011 1206 2246 1276; x_wconf 82' lang='lat' dir='ltr'>demandatum</span> <span class='ocrx_word' id='word_1_141' title='bbox 2271 1231 2294 1274; x_wconf 90' lang='lat' dir='ltr'>a</span> 
     </span>
     <span class='ocr_line' id='line_1_11' title="bbox 290 1290 2292 1394; baseline -0 -33"><span class='ocrx_word' id='word_1_142' title='bbox 290 1296 385 1361; x_wconf 90' lang='lat' dir='ltr'>Nosti</span> <span class='ocrx_word' id='word_1_143' title='bbox 412 1294 555 1360; x_wconf 90' lang='lat' dir='ltr'>hominis</span> <span class='ocrx_word' id='word_1_144' title='bbox 579 1295 735 1377; x_wconf 88' lang='lat' dir='ltr'>pietatem</span> <span class='ocrx_word' id='word_1_145' title='bbox 758 1306 922 1372; x_wconf 88' lang='lat' dir='ltr'>etmores,</span> <span class='ocrx_word' id='word_1_146' title='bbox 946 1292 1079 1377; x_wconf 88' lang='lat' dir='ltr'>etquid</span> <span class='ocrx_word' id='word_1_147' title='bbox 1102 1290 1263 1359; x_wconf 91' lang='lat' dir='ltr'>oommodi</span> <span class='ocrx_word' id='word_1_148' title='bbox 1314 1293 1509 1373; x_wconf 77' lang='lat' dir='ltr'>Lismouioo,</span> <span class='ocrx_word' id='word_1_149' title='bbox 1533 1297 1625 1361; x_wconf 87' lang='lat' dir='ltr'>euius</span> <span class='ocrx_word' id='word_1_150' title='bbox 1644 1316 1768 1373; x_wconf 86' lang='lat' dir='ltr'>aureos,</span> <span class='ocrx_word' id='word_1_151' title='bbox 1792 1295 1826 1359; x_wconf 95' lang='lat' dir='ltr'>ni</span> <span class='ocrx_word' id='word_1_152' title='bbox 1848 1294 1951 1370; x_wconf 88' lang='lat' dir='ltr'>lallor,</span> <span class='ocrx_word' id='word_1_153' title='bbox 1970 1295 2167 1394; x_wconf 81' lang='lat' dir='ltr'>quingentos</span> <span class='ocrx_word' id='word_1_154' title='bbox 2190 1294 2292 1360; x_wconf 86' lang='lat' dir='ltr'>hebet</span> 
     </span>
     <span class='ocr_line' id='line_1_12' title="bbox 291 1376 2293 1464; baseline -0.001 -17"><span class='ocrx_word' id='word_1_155' title='bbox 291 1391 348 1448; x_wconf 90' lang='lat' dir='ltr'>aut</span> <span class='ocrx_word' id='word_1_156' title='bbox 368 1379 761 1462; x_wconf 83' lang='lat' dir='ltr'>inoommodiexspeotari</span> <span class='ocrx_word' id='word_1_157' title='bbox 777 1380 880 1462; x_wconf 85' lang='lat' dir='ltr'>possit</span> <span class='ocrx_word' id='word_1_158' title='bbox 897 1401 940 1444; x_wconf 85' lang='lat' dir='ltr'>ex</span> <span class='ocrx_word' id='word_1_159' title='bbox 962 1380 1032 1445; x_wconf 89' lang='lat' dir='ltr'>eius</span> <span class='ocrx_word' id='word_1_160' title='bbox 1050 1376 1177 1444; x_wconf 88' lang='lat' dir='ltr'>studiis.</span> <span class='ocrx_word' id='word_1_161' title='bbox 1211 1377 1263 1442; x_wconf 73' lang='lat' dir='ltr'>uu</span> <span class='ocrx_word' id='word_1_162' title='bbox 1316 1378 1510 1450; x_wconf 64' lang='lat' dir='ltr'>Podandus</span> <span class='ocrx_word' id='word_1_163' title='bbox 1533 1381 1692 1464; x_wconf 79' lang='lat' dir='ltr'>trapezita</span> <span class='ocrx_word' id='word_1_164' title='bbox 1712 1380 1828 1446; x_wconf 91' lang='lat' dir='ltr'>Italus.</span> <span class='ocrx_word' id='word_1_165' title='bbox 1872 1378 1961 1461; x_wconf 79' lang='lat' dir='ltr'>Quid</span> <span class='ocrx_word' id='word_1_166' title='bbox 1980 1380 2145 1445; x_wconf 75' lang='lat' dir='ltr'>obstiterit</span> <span class='ocrx_word' id='word_1_167' title='bbox 2166 1381 2293 1462; x_wconf 92' lang='lat' dir='ltr'>quomi-</span> 
     </span>
     <span class='ocr_line' id='line_1_13' title="bbox 290 1462 2293 1549; baseline -0 -16"><span class='ocrx_word' id='word_1_168' title='bbox 290 1467 383 1533; x_wconf 91' lang='lat' dir='ltr'>nobis</span> <span class='ocrx_word' id='word_1_169' title='bbox 421 1477 516 1532; x_wconf 89' lang='lat' dir='ltr'>tuum</span> <span class='ocrx_word' id='word_1_170' title='bbox 555 1465 726 1532; x_wconf 89' lang='lat' dir='ltr'>eonsilium</span> <span class='ocrx_word' id='word_1_171' title='bbox 761 1464 993 1548; x_wconf 78' lang='lat' dir='ltr'>sigmfieeto.³)</span> <span class='ocrx_word' id='word_1_172' title='bbox 1040 1463 1093 1529; x_wconf 93' lang='lat' dir='ltr'>De</span> <span class='ocrx_word' id='word_1_173' title='bbox 1125 1462 1263 1545; x_wconf 84' lang='lat' dir='ltr'>reliquis</span> <span class='ocrx_word' id='word_1_174' title='bbox 1313 1487 1376 1530; x_wconf 92' lang='lat' dir='ltr'>nus</span> <span class='ocrx_word' id='word_1_175' title='bbox 1388 1466 1479 1548; x_wconf 91' lang='lat' dir='ltr'>pium</span> <span class='ocrx_word' id='word_1_176' title='bbox 1497 1467 1559 1532; x_wconf 91' lang='lat' dir='ltr'>hoo</span> <span class='ocrx_word' id='word_1_177' title='bbox 1576 1487 1658 1549; x_wconf 92' lang='lat' dir='ltr'>opus</span> <span class='ocrx_word' id='word_1_178' title='bbox 1669 1479 1907 1549; x_wconf 86' lang='lat' dir='ltr'>promoverent,</span> <span class='ocrx_word' id='word_1_179' title='bbox 1930 1466 1994 1548; x_wconf 91' lang='lat' dir='ltr'>ipsi</span> <span class='ocrx_word' id='word_1_180' title='bbox 2005 1464 2161 1547; x_wconf 78' lang='lat' dir='ltr'>viderint</span> <span class='ocrx_word' id='word_1_181' title='bbox 2191 1467 2293 1532; x_wconf 85' lang='lat' dir='ltr'>Certe</span> 
     </span>
     <span class='ocr_line' id='line_1_14' title="bbox 293 1548 2378 1634; baseline 0 -15"><span class='ocrx_word' id='word_1_182' title='bbox 293 1551 445 1619; x_wconf 90' lang='lat' dir='ltr'>omnibus</span> <span class='ocrx_word' id='word_1_183' title='bbox 478 1552 624 1618; x_wconf 82' lang='lat' dir='ltr'>eonferes</span> <span class='ocrx_word' id='word_1_184' title='bbox 657 1571 732 1616; x_wconf 92' lang='lat' dir='ltr'>oum</span> <span class='ocrx_word' id='word_1_185' title='bbox 763 1549 929 1634; x_wconf 78' lang='lat' dir='ltr'>Oollonpe’o.</span> <span class='ocrx_word' id='word_1_186' title='bbox 980 1550 1128 1616; x_wconf 83' lang='lat' dir='ltr'>Remitto</span> <span class='ocrx_word' id='word_1_187' title='bbox 1160 1548 1202 1614; x_wconf 89' lang='lat' dir='ltr'>ad</span> <span class='ocrx_word' id='word_1_188' title='bbox 1230 1560 1262 1622; x_wconf 82' lang='lat' dir='ltr'>te</span> <span class='ocrx_word' id='word_1_189' title='bbox 1312 1550 1399 1616; x_wconf 88' lang='lat' dir='ltr'>hano</span> <span class='ocrx_word' id='word_1_190' title='bbox 1421 1553 1578 1634; x_wconf 90' lang='lat' dir='ltr'>temporis</span> <span class='ocrx_word' id='word_1_191' title='bbox 1606 1554 1766 1618; x_wconf 84' lang='lat' dir='ltr'>iaeturam</span> <span class='ocrx_word' id='word_1_192' title='bbox 1795 1551 1836 1617; x_wconf 93' lang='lat' dir='ltr'>iis</span> <span class='ocrx_word' id='word_1_193' title='bbox 1853 1551 1972 1618; x_wconf 88' lang='lat' dir='ltr'>aseribi</span> <span class='ocrx_word' id='word_1_194' title='bbox 1993 1572 2088 1634; x_wconf 90' lang='lat' dir='ltr'>posse</span> <span class='ocrx_word' id='word_1_195' title='bbox 2110 1571 2148 1616; x_wconf 87' lang='lat' dir='ltr'>ao</span> <span class='ocrx_word' id='word_1_196' title='bbox 2171 1549 2292 1618; x_wconf 87' lang='lat' dir='ltr'>debere</span> <span class='ocrx_word' id='word_1_197' title='bbox 2376 1590 2378 1598; x_wconf 69' lang='lat'>,</span> 
     </span>
     <span class='ocr_line' id='line_1_15' title="bbox 290 1634 2292 1721; baseline 0 -16"><span class='ocrx_word' id='word_1_198' title='bbox 290 1638 448 1721; x_wconf 86' lang='lat' dir='ltr'>seriptum</span> <span class='ocrx_word' id='word_1_199' title='bbox 488 1637 529 1702; x_wconf 94' lang='lat' dir='ltr'>de</span> <span class='ocrx_word' id='word_1_200' title='bbox 557 1637 726 1703; x_wconf 66' lang='lat' dir='ltr'>Alusoouis</span> <span class='ocrx_word' id='word_1_201' title='bbox 764 1657 947 1720; x_wconf 84' lang='lat' dir='ltr'>oongressu</span> <span class='ocrx_word' id='word_1_202' title='bbox 980 1658 1054 1702; x_wconf 92' lang='lat' dir='ltr'>oum</span> <span class='ocrx_word' id='word_1_203' title='bbox 1084 1634 1222 1699; x_wconf 82' lang='lat' dir='ltr'>Brentio.</span> <span class='ocrx_word' id='word_1_204' title='bbox 1235 1638 1262 1713; x_wconf 85' lang='lat'>⁴)</span> <span class='ocrx_word' id='word_1_205' title='bbox 1312 1636 1429 1702; x_wconf 90' lang='lat' dir='ltr'>iudieo.</span> <span class='ocrx_word' id='word_1_206' title='bbox 1463 1637 1501 1702; x_wconf 88' lang='lat' dir='ltr'>Si</span> <span class='ocrx_word' id='word_1_207' title='bbox 1523 1658 1582 1721; x_wconf 88' lang='lat' dir='ltr'>per</span> <span class='ocrx_word' id='word_1_208' title='bbox 1602 1639 1829 1721; x_wconf 90' lang='lat' dir='ltr'>oeoupationes</span> <span class='ocrx_word' id='word_1_209' title='bbox 1850 1637 1955 1714; x_wconf 89' lang='lat' dir='ltr'>lieeat,</span> <span class='ocrx_word' id='word_1_210' title='bbox 1978 1638 2021 1703; x_wconf 89' lang='lat' dir='ltr'>D.</span> <span class='ocrx_word' id='word_1_211' title='bbox 2048 1637 2187 1703; x_wconf 78' lang='lat' dir='ltr'>Varroni</span> <span class='ocrx_word' id='word_1_212' title='bbox 2208 1638 2292 1706; x_wconf 80' lang='lat' dir='ltr'>huso</span> 
     </span>
     <span class='ocr_line' id='line_1_16' title="bbox 292 1722 2293 1808; baseline -0 -18"><span class='ocrx_word' id='word_1_213' title='bbox 292 1724 507 1790; x_wconf 82' lang='lat' dir='ltr'>Remisissem</span> <span class='ocrx_word' id='word_1_214' title='bbox 546 1733 579 1788; x_wconf 95' lang='lat' dir='ltr'>et</span> <span class='ocrx_word' id='word_1_215' title='bbox 612 1722 784 1788; x_wconf 79' lang='lat' dir='ltr'>Valeruudt</span> <span class='ocrx_word' id='word_1_216' title='bbox 811 1722 932 1800; x_wconf 87' lang='lat' dir='ltr'>literas,</span> <span class='ocrx_word' id='word_1_217' title='bbox 945 1725 971 1804; x_wconf 82' lang='lat'>⁵)</span> <span class='ocrx_word' id='word_1_218' title='bbox 1001 1722 1059 1787; x_wconf 91' lang='lat' dir='ltr'>sed</span> <span class='ocrx_word' id='word_1_219' title='bbox 1090 1742 1145 1786; x_wconf 91' lang='lat' dir='ltr'>eas</span> <span class='ocrx_word' id='word_1_220' title='bbox 1174 1738 1262 1784; x_wconf 87' lang='lat' dir='ltr'>nuno</span> <span class='ocrx_word' id='word_1_221' title='bbox 1313 1723 1512 1806; x_wconf 86' lang='lat' dir='ltr'>significabis</span> <span class='ocrx_word' id='word_1_222' title='bbox 1553 1744 1635 1806; x_wconf 90' lang='lat' dir='ltr'>quae</span> <span class='ocrx_word' id='word_1_223' title='bbox 1674 1724 1709 1787; x_wconf 93' lang='lat' dir='ltr'>in</span> <span class='ocrx_word' id='word_1_224' title='bbox 1747 1723 1836 1789; x_wconf 91' lang='lat' dir='ltr'>huno</span> <span class='ocrx_word' id='word_1_225' title='bbox 1876 1725 1975 1789; x_wconf 87' lang='lat' dir='ltr'>finem</span> <span class='ocrx_word' id='word_1_226' title='bbox 2014 1744 2034 1788; x_wconf 91' lang='lat' dir='ltr'>a</span> <span class='ocrx_word' id='word_1_227' title='bbox 2072 1744 2126 1788; x_wconf 91' lang='lat' dir='ltr'>me</span> <span class='ocrx_word' id='word_1_228' title='bbox 2166 1723 2293 1808; x_wconf 87' lang='lat' dir='ltr'>seripta</span> 
     </span>
     <span class='ocr_line' id='line_1_17' title="bbox 291 1808 2292 1893; baseline -0 -17"><span class='ocrx_word' id='word_1_229' title='bbox 291 1811 440 1876; x_wconf 83' lang='lat' dir='ltr'>invenire</span> <span class='ocrx_word' id='word_1_230' title='bbox 465 1829 530 1874; x_wconf 93' lang='lat' dir='ltr'>non</span> <span class='ocrx_word' id='word_1_231' title='bbox 557 1808 658 1893; x_wconf 85' lang='lat' dir='ltr'>potui</span> <span class='ocrx_word' id='word_1_232' title='bbox 702 1808 884 1873; x_wconf 89' lang='lat' dir='ltr'>Remittam</span> <span class='ocrx_word' id='word_1_233' title='bbox 917 1818 1026 1873; x_wconf 89' lang='lat' dir='ltr'>autem</span> <span class='ocrx_word' id='word_1_234' title='bbox 1055 1808 1162 1890; x_wconf 89' lang='lat' dir='ltr'>primo</span> <span class='ocrx_word' id='word_1_235' title='bbox 1184 1826 1262 1888; x_wconf 93' lang='lat' dir='ltr'>quo·</span> <span class='ocrx_word' id='word_1_236' title='bbox 1313 1819 1391 1873; x_wconf 92' lang='lat' dir='ltr'>sunt</span> <span class='ocrx_word' id='word_1_237' title='bbox 1420 1819 1457 1873; x_wconf 91' lang='lat' dir='ltr'>ut</span> <span class='ocrx_word' id='word_1_238' title='bbox 1481 1830 1597 1874; x_wconf 88' lang='lat' dir='ltr'>ansam</span> <span class='ocrx_word' id='word_1_239' title='bbox 1625 1808 1738 1874; x_wconf 92' lang='lat' dir='ltr'>multis</span> <span class='ocrx_word' id='word_1_240' title='bbox 1759 1809 1981 1875; x_wconf 77' lang='lat' dir='ltr'>calumniandi</span> <span class='ocrx_word' id='word_1_241' title='bbox 2002 1809 2211 1892; x_wconf 79' lang='lat' dir='ltr'>praeripiam,</span> <span class='ocrx_word' id='word_1_242' title='bbox 2233 1811 2292 1893; x_wconf 89' lang='lat' dir='ltr'>qui</span> 
     </span>
     <span class='ocr_line' id='line_1_18' title="bbox 290 1889 2293 1979; baseline 0 -18"><span class='ocrx_word' id='word_1_243' title='bbox 290 1917 352 1979; x_wconf 90' lang='lat' dir='ltr'>que</span> <span class='ocrx_word' id='word_1_244' title='bbox 380 1903 535 1978; x_wconf 90' lang='lat' dir='ltr'>tempore,</span> <span class='ocrx_word' id='word_1_245' title='bbox 557 1894 661 1960; x_wconf 89' lang='lat' dir='ltr'>&#39;simul</span> <span class='ocrx_word' id='word_1_246' title='bbox 691 1901 788 1977; x_wconf 88' lang='lat' dir='ltr'>utque</span> <span class='ocrx_word' id='word_1_247' title='bbox 813 1895 969 1960; x_wconf 84' lang='lat' dir='ltr'>iuventae</span> <span class='ocrx_word' id='word_1_248' title='bbox 994 1893 1124 1959; x_wconf 85' lang='lat' dir='ltr'>luerint.</span> <span class='ocrx_word' id='word_1_249' title='bbox 1165 1889 1262 1957; x_wconf 76' lang='lat' dir='ltr'>salu-</span> <span class='ocrx_word' id='word_1_250' title='bbox 1313 1895 1342 1959; x_wconf 92' lang='lat' dir='ltr'>si</span> <span class='ocrx_word' id='word_1_251' title='bbox 1375 1892 1415 1959; x_wconf 90' lang='lat' dir='ltr'>de</span> <span class='ocrx_word' id='word_1_252' title='bbox 1448 1916 1521 1959; x_wconf 90' lang='lat' dir='ltr'>moa</span> <span class='ocrx_word' id='word_1_253' title='bbox 1553 1915 1645 1959; x_wconf 89' lang='lat' dir='ltr'>mora</span> <span class='ocrx_word' id='word_1_254' title='bbox 1677 1894 1873 1971; x_wconf 79' lang='lat' dir='ltr'>audiverint,</span> <span class='ocrx_word' id='word_1_255' title='bbox 1904 1895 1941 1958; x_wconf 91' lang='lat' dir='ltr'>in</span> <span class='ocrx_word' id='word_1_256' title='bbox 1962 1914 2015 1960; x_wconf 88' lang='lat' dir='ltr'>me</span> <span class='ocrx_word' id='word_1_257' title='bbox 2035 1894 2123 1959; x_wconf 92' lang='lat' dir='ltr'>illieo</span> <span class='ocrx_word' id='word_1_258' title='bbox 2145 1915 2207 1961; x_wconf 90' lang='lat' dir='ltr'>sua</span> <span class='ocrx_word' id='word_1_259' title='bbox 2223 1896 2293 1962; x_wconf 91' lang='lat' dir='ltr'>tela</span> 
     </span>
     <span class='ocr_line' id='line_1_19' title="bbox 291 1976 2292 2065; baseline 0 -18"><span class='ocrx_word' id='word_1_260' title='bbox 291 1989 365 2047; x_wconf 84' lang='lat' dir='ltr'>tunt</span> <span class='ocrx_word' id='word_1_261' title='bbox 391 1988 424 2045; x_wconf 91' lang='lat' dir='ltr'>te</span> <span class='ocrx_word' id='word_1_262' title='bbox 451 1980 555 2046; x_wconf 88' lang='lat' dir='ltr'>nostri</span> <span class='ocrx_word' id='word_1_263' title='bbox 583 2000 696 2046; x_wconf 90' lang='lat' dir='ltr'>omnes</span> <span class='ocrx_word' id='word_1_264' title='bbox 724 1980 968 2047; x_wconf 75' lang='lat' dir='ltr'>officiosissime.</span> <span class='ocrx_word' id='word_1_265' title='bbox 1018 1977 1161 2044; x_wconf 86' lang='lat' dir='ltr'>Multam</span> <span class='ocrx_word' id='word_1_266' title='bbox 1190 1976 1262 2043; x_wconf 90' lang='lat' dir='ltr'>dieo</span> <span class='ocrx_word' id='word_1_267' title='bbox 1313 1987 1514 2045; x_wconf 79' lang='lat' dir='ltr'>convertent.</span> <span class='ocrx_word' id='word_1_268' title='bbox 1553 1978 1666 2045; x_wconf 86' lang='lat' dir='ltr'>Pridie</span> <span class='ocrx_word' id='word_1_269' title='bbox 1698 2001 1797 2063; x_wconf 86' lang='lat' dir='ltr'>quam</span> <span class='ocrx_word' id='word_1_270' title='bbox 1830 1981 1992 2065; x_wconf 71' lang='lat' dir='ltr'>Tigurum</span> <span class='ocrx_word' id='word_1_271' title='bbox 2014 1981 2189 2060; x_wconf 81' lang='lat' dir='ltr'>venissem,</span> <span class='ocrx_word' id='word_1_272' title='bbox 2211 1980 2292 2047; x_wconf 89' lang='lat' dir='ltr'>inde</span> 
     </span>
     <span class='ocr_line' id='line_1_20' title="bbox 292 2063 2292 2153; baseline -0.001 -21"><span class='ocrx_word' id='word_1_273' title='bbox 292 2066 432 2133; x_wconf 88' lang='lat' dir='ltr'>salutem</span> <span class='ocrx_word' id='word_1_274' title='bbox 460 2066 555 2131; x_wconf 85' lang='lat' dir='ltr'>fratri</span> <span class='ocrx_word' id='word_1_275' title='bbox 586 2074 620 2131; x_wconf 90' lang='lat' dir='ltr'>et</span> <span class='ocrx_word' id='word_1_276' title='bbox 642 2067 701 2130; x_wconf 90' lang='lat' dir='ltr'>toti</span> <span class='ocrx_word' id='word_1_277' title='bbox 722 2065 874 2131; x_wconf 84' lang='lat' dir='ltr'>familiae.</span> <span class='ocrx_word' id='word_1_278' title='bbox 917 2065 1011 2132; x_wconf 83' lang='lat' dir='ltr'>Uxor</span> <span class='ocrx_word' id='word_1_279' title='bbox 1030 2072 1065 2130; x_wconf 86' lang='lat' dir='ltr'>te</span> <span class='ocrx_word' id='word_1_280' title='bbox 1086 2063 1208 2128; x_wconf 88' lang='lat' dir='ltr'>salutat</span> <span class='ocrx_word' id='word_1_281' title='bbox 1229 2069 1262 2128; x_wconf 87' lang='lat' dir='ltr'>et</span> <span class='ocrx_word' id='word_1_282' title='bbox 1301 2065 1530 2153; x_wconf 20' lang='lat' dir='ltr'>&#39;discesserant</span> <span class='ocrx_word' id='word_1_283' title='bbox 1548 2075 1677 2132; x_wconf 81' lang='lat' dir='ltr'>vestrae</span> <span class='ocrx_word' id='word_1_284' title='bbox 1704 2066 1849 2132; x_wconf 86' lang='lat' dir='ltr'>eivitatis</span> <span class='ocrx_word' id='word_1_285' title='bbox 1878 2085 1916 2131; x_wconf 88' lang='lat' dir='ltr'>ao</span> <span class='ocrx_word' id='word_1_286' title='bbox 1936 2065 2135 2149; x_wconf 88' lang='lat' dir='ltr'>reipublioae</span> <span class='ocrx_word' id='word_1_287' title='bbox 2152 2063 2239 2133; x_wconf 84' lang='lat' dir='ltr'>saees</span> <span class='ocrx_word' id='word_1_288' title='bbox 2257 2075 2292 2133; x_wconf 92' lang='lat' dir='ltr'>et</span> 
     </span>
     <span class='ocr_line' id='line_1_21' title="bbox 291 2149 2291 2236; baseline 0 -18"><span class='ocrx_word' id='word_1_289' title='bbox 291 2152 419 2218; x_wconf 87' lang='lat' dir='ltr'>filiolae.</span> <span class='ocrx_word' id='word_1_290' title='bbox 463 2151 557 2217; x_wconf 87' lang='lat' dir='ltr'>Vale.</span> <span class='ocrx_word' id='word_1_291' title='bbox 601 2151 799 2217; x_wconf 86' lang='lat' dir='ltr'>Lausannae</span> <span class='ocrx_word' id='word_1_292' title='bbox 818 2157 846 2215; x_wconf 88' lang='grc'>7.</span> <span class='ocrx_word' id='word_1_293' title='bbox 866 2150 954 2218; x_wconf 92' lang='lat' dir='ltr'>Iulii.</span> <span class='ocrx_word' id='word_1_294' title='bbox 967 2149 994 2236; x_wconf 76' lang='lat'>⁰)</span> <span class='ocrx_word' id='word_1_295' title='bbox 1312 2152 1468 2233; x_wconf 81' lang='lat' dir='ltr'>furiae,⁴)</span> <span class='ocrx_word' id='word_1_296' title='bbox 1496 2151 1562 2217; x_wconf 87' lang='lat' dir='ltr'>hue</span> <span class='ocrx_word' id='word_1_297' title='bbox 1590 2161 1663 2234; x_wconf 92' lang='lat' dir='ltr'>post</span> <span class='ocrx_word' id='word_1_298' title='bbox 1691 2152 1817 2234; x_wconf 89' lang='lat' dir='ltr'>aliquot</span> <span class='ocrx_word' id='word_1_299' title='bbox 1846 2151 1925 2228; x_wconf 91' lang='lat' dir='ltr'>dies,</span> <span class='ocrx_word' id='word_1_300' title='bbox 1948 2160 1989 2216; x_wconf 93' lang='lat' dir='ltr'>ut</span> <span class='ocrx_word' id='word_1_301' title='bbox 2010 2152 2117 2231; x_wconf 91' lang='lat' dir='ltr'>audio,</span> <span class='ocrx_word' id='word_1_302' title='bbox 2140 2150 2291 2219; x_wconf 86' lang='lat' dir='ltr'>redituri.</span> 
     </span>
     <span class='ocr_line' id='line_1_22' title="bbox 1302 2235 2292 2321; baseline 0.002 -20"><span class='ocrx_word' id='word_1_303' title='bbox 1302 2235 1403 2317; x_wconf 75' lang='lat' dir='ltr'>&#39;Quid</span> <span class='ocrx_word' id='word_1_304' title='bbox 1425 2237 1603 2302; x_wconf 87' lang='lat' dir='ltr'>moliantur</span> <span class='ocrx_word' id='word_1_305' title='bbox 1620 2259 1662 2302; x_wconf 83' lang='lat' dir='ltr'>ex</span> <span class='ocrx_word' id='word_1_306' title='bbox 1683 2248 1802 2303; x_wconf 86' lang='lat' dir='ltr'>eventu</span> <span class='ocrx_word' id='word_1_307' title='bbox 1825 2258 2008 2321; x_wconf 87' lang='lat' dir='ltr'>eognosoes.</span> <span class='ocrx_word' id='word_1_308' title='bbox 2050 2238 2215 2303; x_wconf 86' lang='lat' dir='ltr'>Dominus</span> <span class='ocrx_word' id='word_1_309' title='bbox 2236 2238 2292 2304; x_wconf 88' lang='lat' dir='ltr'>Ie-</span> 
     </span>
     <span class='ocr_line' id='line_1_23' title="bbox 1314 2322 2291 2406; baseline 0.002 -18"><span class='ocrx_word' id='word_1_310' title='bbox 1314 2345 1369 2388; x_wconf 89' lang='lat' dir='ltr'>sus</span> <span class='ocrx_word' id='word_1_311' title='bbox 1393 2324 1520 2406; x_wconf 90' lang='lat' dir='ltr'>potenti</span> <span class='ocrx_word' id='word_1_312' title='bbox 1547 2322 1680 2390; x_wconf 87' lang='lat' dir='ltr'>braohio</span> <span class='ocrx_word' id='word_1_313' title='bbox 1710 2331 1743 2388; x_wconf 91' lang='lat' dir='ltr'>te</span> <span class='ocrx_word' id='word_1_314' title='bbox 1766 2343 1841 2390; x_wconf 90' lang='lat' dir='ltr'>eum</span> <span class='ocrx_word' id='word_1_315' title='bbox 1869 2323 1939 2389; x_wconf 89' lang='lat' dir='ltr'>suis</span> <span class='ocrx_word' id='word_1_316' title='bbox 1966 2323 2118 2388; x_wconf 87' lang='lat' dir='ltr'>omnibus</span> <span class='ocrx_word' id='word_1_317' title='bbox 2149 2332 2291 2390; x_wconf 87' lang='lat' dir='ltr'>tueatur.</span> 
     </span>
     <span class='ocr_line' id='line_1_24' title="bbox 1315 2408 2290 2493; baseline 0.005 -23"><span class='ocrx_word' id='word_1_318' title='bbox 1315 2408 1407 2487; x_wconf 89' lang='lat' dir='ltr'>Vale,</span> <span class='ocrx_word' id='word_1_319' title='bbox 1430 2417 1543 2492; x_wconf 90' lang='lat' dir='ltr'>pastor</span> <span class='ocrx_word' id='word_1_320' title='bbox 1562 2408 1815 2493; x_wconf 78' lang='lat' dir='ltr'>vigilantissime</span> <span class='ocrx_word' id='word_1_321' title='bbox 1837 2417 1871 2474; x_wconf 91' lang='lat' dir='ltr'>et</span> <span class='ocrx_word' id='word_1_322' title='bbox 1892 2430 1944 2474; x_wconf 93' lang='lat' dir='ltr'>me</span> <span class='ocrx_word' id='word_1_323' title='bbox 1969 2410 2110 2475; x_wconf 94' lang='lat' dir='ltr'>Domino</span> <span class='ocrx_word' id='word_1_324' title='bbox 2128 2410 2196 2476; x_wconf 90' lang='lat' dir='ltr'>tuis</span> <span class='ocrx_word' id='word_1_325' title='bbox 2213 2431 2290 2493; x_wconf 87' lang='lat' dir='ltr'>pre-</span> 
     </span>
     <span class='ocr_line' id='line_1_25' title="bbox 1314 2493 2203 2578; baseline -0.001 -17"><span class='ocrx_word' id='word_1_326' title='bbox 1314 2494 1405 2561; x_wconf 88' lang='lat' dir='ltr'>eibus</span> <span class='ocrx_word' id='word_1_327' title='bbox 1425 2494 1659 2561; x_wconf 78' lang='lat' dir='ltr'>commendato.</span> <span class='ocrx_word' id='word_1_328' title='bbox 1698 2493 2088 2578; x_wconf 75' lang='lat' dir='ltr'>Tigurivi.idus1uliae</span> <span class='ocrx_word' id='word_1_329' title='bbox 2112 2500 2203 2562; x_wconf 80' lang='lat'>1556.</span> 
     </span>
    </p>
   </div>
   <div class='ocr_carea' id='block_1_3' title="bbox 775 2286 1175 2354">
    <p class='ocr_par' dir='ltr' id='par_1_3' title="bbox 775 2286 1175 2354">
     <span class='ocr_line' id='line_1_26' title="bbox 775 2286 1175 2354; baseline -0.008 -1"><span class='ocrx_word' id='word_1_330' title='bbox 775 2288 867 2354; x_wconf 73' lang='lat' dir='ltr'>&#39;l&#39;uus</span> <span class='ocrx_word' id='word_1_331' title='bbox 888 2287 1009 2354; x_wconf 88' lang='lat' dir='ltr'>Petrus</span> <span class='ocrx_word' id='word_1_332' title='bbox 1030 2286 1175 2353; x_wconf 87' lang='lat' dir='ltr'>Viretus.</span> 
     </span>
    </p>
   </div>
   <div class='ocr_carea' id='block_1_4' title="bbox 678 2579 878 2590">
    <p class='ocr_par' dir='ltr' id='par_1_4' title="bbox 678 2579 878 2590">
     <span class='ocr_line' id='line_1_27' title="bbox 678 2579 878 2590; baseline 0 -1"><span class='ocrx_word' id='word_1_333' title='bbox 678 2579 878 2590; x_wconf 46' lang='grc' dir='ltr'>-ψ</span> 
     </span>
    </p>
   </div>
   <div class='ocr_carea' id='block_1_5' title="bbox 505 2797 1895 3023">
    <p class='ocr_par' dir='ltr' id='par_1_5' title="bbox 505 2797 1895 3023">
     <span class='ocr_line' id='line_1_28' title="bbox 727 2797 1895 2869; baseline 0.014 -1"><span class='ocrx_word' id='word_1_334' title='bbox 727 2797 825 2869; x_wconf 74' lang='lat' dir='ltr'>aluo.</span> <span class='ocrx_word' id='word_1_335' title='bbox 1691 2804 1895 2815; x_wconf 76' lang='grc'><em>“““··</em></span> 
     </span>
     <span class='ocr_line' id='line_1_29' title="bbox 505 2935 1046 3023; baseline -0.004 -19"><span class='ocrx_word' id='word_1_336' title='bbox 505 2935 764 3005; x_wconf 75' lang='lat' dir='ltr'>susuomus</span> <span class='ocrx_word' id='word_1_337' title='bbox 778 2936 804 3023; x_wconf 79' lang='grc'>1)</span> <span class='ocrx_word' id='word_1_338' title='bbox 828 2935 1046 3004; x_wconf 79' lang='lat' dir='ltr'>osnvrno</span> 
     </span>
    </p>
   </div>
   <div class='ocr_carea' id='block_1_6' title="bbox 290 3039 2054 3278">
    <p class='ocr_par' dir='ltr' id='par_1_6' title="bbox 290 3039 2054 3278">
     <span class='ocr_line' id='line_1_30' title="bbox 380 3039 1852 3208; baseline 0 -32"><span class='ocrx_word' id='word_1_339' title='bbox 380 3111 490 3177; x_wconf 64' lang='lat' dir='ltr'>reae</span> <span class='ocrx_word' id='word_1_340' title='bbox 510 3110 593 3175; x_wconf 69' lang='lat' dir='ltr'>seeo</span> <span class='ocrx_word' id='word_1_341' title='bbox 620 3110 771 3175; x_wconf 67' lang='lat' dir='ltr'>menneo</span> <span class='ocrx_word' id='word_1_342' title='bbox 797 3107 1010 3208; x_wconf 59' lang='lat' dir='ltr'>emam</span> <span class='ocrx_word' id='word_1_343' title='bbox 1031 3129 1053 3173; x_wconf 77' lang='lat' dir='ltr'>a</span> <span class='ocrx_word' id='word_1_344' title='bbox 1075 3108 1261 3177; x_wconf 65' lang='lat' dir='ltr'>nemnem</span> <span class='ocrx_word' id='word_1_345' title='bbox 1754 3039 1852 3109; x_wconf 57' lang='lat'><strong>²⁴⁹³·</strong></span> 
     </span>
     <span class='ocr_line' id='line_1_31' title="bbox 290 3193 2054 3278; baseline -0.001 -16"><span class='ocrx_word' id='word_1_346' title='bbox 290 3196 578 3278; x_wconf 53' lang='lat' dir='ltr'>mooe</span> <span class='ocrx_word' id='word_1_347' title='bbox 602 3195 992 3274; x_wconf 59' lang='lat' dir='ltr'>rossemannum.</span> <span class='ocrx_word' id='word_1_348' title='bbox 1559 3193 1811 3261; x_wconf 71' lang='lat' dir='ltr'>assuetus</span> <span class='ocrx_word' id='word_1_349' title='bbox 1833 3193 2054 3261; x_wconf 78' lang='lat' dir='ltr'>oenvmo.</span> 
     </span>
    </p>
   </div>
   <div class='ocr_carea' id='block_1_7' title="bbox 291 3363 2286 3691">
    <p class='ocr_par' dir='ltr' id='par_1_7' title="bbox 459 3363 2286 3448">
     <span class='ocr_line' id='line_1_32' title="bbox 459 3363 2286 3448; baseline -0.002 -12"><span class='ocrx_word' id='word_1_350' title='bbox 459 3368 513 3435; x_wconf 74' lang='lat' dir='ltr'>(ux</span> <span class='ocrx_word' id='word_1_351' title='bbox 530 3367 698 3436; x_wconf 70' lang='lat' dir='ltr'>⁸¹²wsr⁰uh0</span> <span class='ocrx_word' id='word_1_352' title='bbox 716 3365 779 3420; x_wconf 67' lang='lat'><strong>0⁰⁶·</strong></span> <span class='ocrx_word' id='word_1_353' title='bbox 795 3365 897 3420; x_wconf 79' lang='lat' dir='ltr'>uenev.</span> <span class='ocrx_word' id='word_1_354' title='bbox 914 3363 972 3432; x_wconf 79' lang='lat'>113,</span> <span class='ocrx_word' id='word_1_355' title='bbox 991 3365 1037 3420; x_wconf 82' lang='lat' dir='ltr'>rot</span> <span class='ocrx_word' id='word_1_356' title='bbox 1054 3366 1092 3432; x_wconf 81' lang='lat'>4·)</span> <span class='ocrx_word' id='word_1_357' title='bbox 1405 3364 1506 3430; x_wconf 77' lang='lat' dir='ltr'>Vario</span> <span class='ocrx_word' id='word_1_358' title='bbox 1528 3367 1628 3448; x_wconf 69' lang='lat' dir='ltr'>offert,</span> <span class='ocrx_word' id='word_1_359' title='bbox 1640 3387 1702 3448; x_wconf 79' lang='lat' dir='ltr'>pro</span> <span class='ocrx_word' id='word_1_360' title='bbox 1722 3386 1806 3431; x_wconf 81' lang='lat' dir='ltr'>more</span> <span class='ocrx_word' id='word_1_361' title='bbox 1826 3367 1934 3432; x_wconf 78' lang='lat' dir='ltr'>minus</span> <span class='ocrx_word' id='word_1_362' title='bbox 1954 3366 2055 3432; x_wconf 70' lang='lat' dir='ltr'>lende</span> <span class='ocrx_word' id='word_1_363' title='bbox 2064 3368 2209 3448; x_wconf 66' lang='lat' dir='ltr'>aposto</span> <span class='ocrx_word' id='word_1_364' title='bbox 2231 3367 2286 3433; x_wconf 81' lang='lat' dir='ltr'>sod</span> 
     </span>
    </p>

    <p class='ocr_par' dir='ltr' id='par_1_8' title="bbox 1312 3450 2285 3521">
     <span class='ocr_line' id='line_1_33' title="bbox 1312 3450 2285 3521; baseline 0.002 -5"><span class='ocrx_word' id='word_1_365' title='bbox 1312 3451 1391 3516; x_wconf 76' lang='lat' dir='ltr'>sotis</span> <span class='ocrx_word' id='word_1_366' title='bbox 1419 3450 1595 3518; x_wconf 72' lang='lat' dir='ltr'>homiletiee.</span> <span class='ocrx_word' id='word_1_367' title='bbox 1651 3450 1781 3518; x_wconf 77' lang='lat' dir='ltr'>Calvino</span> <span class='ocrx_word' id='word_1_368' title='bbox 1813 3451 1952 3521; x_wconf 68' lang='lat' dir='ltr'>luridae</span> <span class='ocrx_word' id='word_1_369' title='bbox 1984 3457 2157 3517; x_wconf 62' lang='lat' dir='ltr'>amamur.</span> <span class='ocrx_word' id='word_1_370' title='bbox 2213 3451 2285 3518; x_wconf 67' lang='lat' dir='ltr'>Rex</span> 
     </span>
    </p>

    <p class='ocr_par' dir='ltr' id='par_1_9' title="bbox 291 3536 2286 3691">
     <span class='ocr_line' id='line_1_34' title="bbox 291 3536 2286 3622; baseline 0.001 -19"><span class='ocrx_word' id='word_1_371' title='bbox 291 3537 555 3622; x_wconf 79' lang='lat' dir='ltr'>Vigilantissimo</span> <span class='ocrx_word' id='word_1_372' title='bbox 581 3537 788 3606; x_wconf 83' lang='lat' dir='ltr'>Genevonsis</span> <span class='ocrx_word' id='word_1_373' title='bbox 822 3538 975 3604; x_wconf 88' lang='lat' dir='ltr'>eoolesiae</span> <span class='ocrx_word' id='word_1_374' title='bbox 1003 3538 1154 3603; x_wconf 91' lang='lat' dir='ltr'>ministro</span> <span class='ocrx_word' id='word_1_375' title='bbox 1171 3539 1213 3603; x_wconf 93' lang='lat' dir='ltr'>D.</span> <span class='ocrx_word' id='word_1_376' title='bbox 1232 3538 1259 3604; x_wconf 91' lang='lat'>1.</span> <span class='ocrx_word' id='word_1_377' title='bbox 1311 3537 1473 3602; x_wconf 61' lang='lat' dir='ltr'>mesdeo</span> <span class='ocrx_word' id='word_1_378' title='bbox 1500 3558 1562 3618; x_wconf 79' lang='lat' dir='ltr'>pro</span> <span class='ocrx_word' id='word_1_379' title='bbox 1585 3537 1722 3606; x_wconf 77' lang='lat' dir='ltr'>libertate</span> <span class='ocrx_word' id='word_1_380' title='bbox 1760 3537 1900 3619; x_wconf 57' lang='lat' dir='ltr'>plorum</span> <span class='ocrx_word' id='word_1_381' title='bbox 1956 3536 2124 3604; x_wconf 77' lang='lat' dir='ltr'>Hwnderti</span> <span class='ocrx_word' id='word_1_382' title='bbox 2152 3538 2286 3622; x_wconf 65' lang='lat' dir='ltr'>neemia</span> 
     </span>
     <span class='ocr_line' id='line_1_35' title="bbox 703 3622 1826 3691; baseline -0.003 -2"><span class='ocrx_word' id='word_1_383' title='bbox 703 3622 851 3689; x_wconf 84' lang='lat' dir='ltr'>Calvino.</span> <span class='ocrx_word' id='word_1_384' title='bbox 1312 3623 1404 3687; x_wconf 81' lang='lat' dir='ltr'>Muri</span> <span class='ocrx_word' id='word_1_385' title='bbox 1415 3623 1632 3691; x_wconf 70' lang='lat' dir='ltr'>Hierichuntis</span> <span class='ocrx_word' id='word_1_386' title='bbox 1648 3624 1826 3689; x_wconf 53' lang='lat' dir='ltr'>instaurat.</span> 
     </span>
    </p>
   </div>
   <div class='ocr_carea' id='block_1_8' title="bbox 290 3792 2342 3947">
    <p class='ocr_par' dir='ltr' id='par_1_10' title="bbox 290 3792 2342 3947">
     <span class='ocr_line' id='line_1_36' title="bbox 290 3792 2342 3875; baseline 0 -13"><span class='ocrx_word' id='word_1_387' title='bbox 290 3796 497 3862; x_wconf 79' lang='lat' dir='ltr'>Fidelissimo</span> <span class='ocrx_word' id='word_1_388' title='bbox 529 3793 622 3860; x_wconf 82' lang='lat' dir='ltr'>verbi</span> <span class='ocrx_word' id='word_1_389' title='bbox 655 3795 720 3860; x_wconf 91' lang='lat' dir='ltr'>Dei</span> <span class='ocrx_word' id='word_1_390' title='bbox 751 3795 901 3860; x_wconf 89' lang='lat' dir='ltr'>ministro</span> <span class='ocrx_word' id='word_1_391' title='bbox 933 3796 973 3861; x_wconf 93' lang='lat' dir='ltr'>D.</span> <span class='ocrx_word' id='word_1_392' title='bbox 996 3795 1023 3860; x_wconf 95' lang='lat' dir='ltr'>I.</span> <span class='ocrx_word' id='word_1_393' title='bbox 1058 3794 1197 3862; x_wconf 84' lang='lat' dir='ltr'>Oalvino</span> <span class='ocrx_word' id='word_1_394' title='bbox 1221 3797 1259 3862; x_wconf 92' lang='lat' dir='ltr'>P.</span> <span class='ocrx_word' id='word_1_395' title='bbox 1311 3792 1366 3860; x_wconf 74' lang='lat' dir='ltr'>(Ex</span> <span class='ocrx_word' id='word_1_396' title='bbox 1385 3795 1552 3864; x_wconf 74' lang='lat' dir='ltr'>autographo</span> <span class='ocrx_word' id='word_1_397' title='bbox 1570 3794 1754 3849; x_wconf 76' lang='lat' dir='ltr'>Oouuenev.</span> <span class='ocrx_word' id='word_1_398' title='bbox 1772 3792 1893 3858; x_wconf 61' lang='grc'>1111101-</span> <span class='ocrx_word' id='word_1_399' title='bbox 1914 3792 1973 3856; x_wconf 81' lang='lat'>117,</span> <span class='ocrx_word' id='word_1_400' title='bbox 1996 3794 2057 3875; x_wconf 72' lang='lat'>00¹1,-</span> <span class='ocrx_word' id='word_1_401' title='bbox 2080 3810 2102 3847; x_wconf 82' lang='lat'>⁰·</span> <span class='ocrx_word' id='word_1_402' title='bbox 2122 3794 2290 3875; x_wconf 64' lang='lat' dir='ltr'>apographis</span> <span class='ocrx_word' id='word_1_403' title='bbox 2338 3814 2342 3825; x_wconf 88' lang='lat'><strong>·</strong></span> 
     </span>
     <span class='ocr_line' id='line_1_37' title="bbox 639 3860 2289 3947; baseline -0.007 -18"><span class='ocrx_word' id='word_1_404' title='bbox 639 3880 852 3945; x_wconf 61' lang='lat' dir='ltr'>Tonvfllanug</span> <span class='ocrx_word' id='word_1_405' title='bbox 874 3879 909 3947; x_wconf 46' lang='lat' dir='ltr'>S·</span> <span class='ocrx_word' id='word_1_406' title='bbox 1311 3861 1377 3916; x_wconf 87' lang='lat' dir='ltr'>Ood.</span> <span class='ocrx_word' id='word_1_407' title='bbox 1395 3861 1453 3928; x_wconf 86' lang='grc'>116,</span> <span class='ocrx_word' id='word_1_408' title='bbox 1471 3864 1517 3916; x_wconf 81' lang='lat' dir='ltr'>fol.</span> <span class='ocrx_word' id='word_1_409' title='bbox 1535 3862 1578 3916; x_wconf 76' lang='lat'>53.</span> <span class='ocrx_word' id='word_1_410' title='bbox 1597 3864 1666 3932; x_wconf 77' lang='lat' dir='ltr'>Dpp.</span> <span class='ocrx_word' id='word_1_411' title='bbox 1690 3864 1772 3917; x_wconf 88' lang='lat' dir='ltr'>Beru.</span> <span class='ocrx_word' id='word_1_412' title='bbox 1792 3862 1838 3916; x_wconf 89' lang='lat' dir='ltr'>VI.</span> <span class='ocrx_word' id='word_1_413' title='bbox 1855 3880 1881 3931; x_wconf 92' lang='lat' dir='ltr'>p.</span> <span class='ocrx_word' id='word_1_414' title='bbox 1899 3860 1959 3930; x_wconf 82' lang='grc'>646,</span> <span class='ocrx_word' id='word_1_415' title='bbox 1977 3869 2005 3916; x_wconf 83' lang='lat' dir='ltr'>et</span> <span class='ocrx_word' id='word_1_416' title='bbox 2022 3862 2130 3918; x_wconf 83' lang='lat' dir='ltr'>s1mlen</span> <span class='ocrx_word' id='word_1_417' title='bbox 2148 3863 2215 3918; x_wconf 86' lang='lat' dir='ltr'>Vol.</span> <span class='ocrx_word' id='word_1_418' title='bbox 2232 3861 2289 3930; x_wconf 78' lang='lat'>88.)</span> 
     </span>
    </p>
   </div>
   <div class='ocr_carea' id='block_1_9' title="bbox 374 4015 2288 4119">
    <p class='ocr_par' dir='ltr' id='par_1_11' title="bbox 374 4015 2288 4119">
     <span class='ocr_line' id='line_1_38' title="bbox 374 4015 2288 4119; baseline 0.001 -36"><span class='ocrx_word' id='word_1_419' title='bbox 374 4017 544 4100; x_wconf 80' lang='lat' dir='ltr'>Quantum</span> <span class='ocrx_word' id='word_1_420' title='bbox 567 4038 609 4082; x_wconf 82' lang='lat' dir='ltr'>ex</span> <span class='ocrx_word' id='word_1_421' title='bbox 630 4017 672 4082; x_wconf 88' lang='lat' dir='ltr'>D.</span> <span class='ocrx_word' id='word_1_422' title='bbox 691 4016 875 4080; x_wconf 78' lang='lat' dir='ltr'>Liemaniue&#39;</span> <span class='ocrx_word' id='word_1_423' title='bbox 893 4038 996 4082; x_wconf 89' lang='lat' dir='ltr'>uxore</span> <span class='ocrx_word' id='word_1_424' title='bbox 1017 4026 1051 4082; x_wconf 92' lang='lat' dir='ltr'>et</span> <span class='ocrx_word' id='word_1_425' title='bbox 1074 4015 1261 4103; x_wconf 75' lang='lat' dir='ltr'>Oustiglione</span> <span class='ocrx_word' id='word_1_426' title='bbox 1396 4034 1529 4099; x_wconf 64' lang='lat' dir='ltr'>Eximio</span> <span class='ocrx_word' id='word_1_427' title='bbox 1562 4032 1688 4099; x_wconf 63' lang='lat' dir='ltr'>christi</span> <span class='ocrx_word' id='word_1_428' title='bbox 1714 4053 1810 4100; x_wconf 63' lang='lat' dir='ltr'>servo</span> <span class='ocrx_word' id='word_1_429' title='bbox 1838 4032 1957 4099; x_wconf 62' lang='lat' dir='ltr'>Ioanni</span> <span class='ocrx_word' id='word_1_430' title='bbox 1990 4033 2131 4101; x_wconf 67' lang='lat' dir='ltr'>oalvino</span> <span class='ocrx_word' id='word_1_431' title='bbox 2160 4037 2288 4119; x_wconf 60' lang='lat' dir='ltr'>pastori</span> 
     </span>
    </p>
   </div>
   <div class='ocr_carea' id='block_1_10' title="bbox 288 4102 2290 4289">
    <p class='ocr_par' dir='ltr' id='par_1_12' title="bbox 288 4102 2290 4289">
     <span class='ocr_line' id='line_1_39' title="bbox 288 4102 2290 4205; baseline 0.003 -34"><span class='ocrx_word' id='word_1_432' title='bbox 288 4105 415 4204; x_wconf 38' lang='lat' dir='ltr'>Italo²)·</span> <span class='ocrx_word' id='word_1_433' title='bbox 425 4125 558 4187; x_wconf 88' lang='lat' dir='ltr'>possum</span> <span class='ocrx_word' id='word_1_434' title='bbox 575 4103 745 4201; x_wconf 68' lang='lat' dir='ltr'>ooniioere,</span> <span class='ocrx_word' id='word_1_435' title='bbox 762 4102 1259 4203; x_wconf 81' lang='lat' dir='ltr'>diutinshiemihihaerendum</span> <span class='ocrx_word' id='word_1_436' title='bbox 1311 4119 1463 4186; x_wconf 55' lang='lat' dir='ltr'>molem</span> <span class='ocrx_word' id='word_1_437' title='bbox 1497 4119 1701 4186; x_wconf 64' lang='lat' dir='ltr'>Gonevengis</span> <span class='ocrx_word' id='word_1_438' title='bbox 1737 4119 1886 4204; x_wconf 62' lang='lat' dir='ltr'>theologo</span> <span class='ocrx_word' id='word_1_439' title='bbox 1926 4120 2098 4205; x_wconf 59' lang='lat' dir='ltr'>insigniori</span> <span class='ocrx_word' id='word_1_440' title='bbox 2126 4121 2222 4186; x_wconf 75' lang='lat' dir='ltr'>fratri</span> <span class='ocrx_word' id='word_1_441' title='bbox 2255 4131 2290 4187; x_wconf 69' lang='lat' dir='ltr'>et</span> 
     </span>
     <span class='ocr_line' id='line_1_40' title="bbox 288 4187 1829 4289; baseline 0.003 -31"><span class='ocrx_word' id='word_1_442' title='bbox 288 4212 359 4258; x_wconf 89' lang='lat' dir='ltr'>esse</span> <span class='ocrx_word' id='word_1_443' title='bbox 383 4189 488 4255; x_wconf 78' lang='lat' dir='ltr'>video.</span> <span class='ocrx_word' id='word_1_444' title='bbox 529 4188 664 4255; x_wconf 91' lang='lat' dir='ltr'>Nullum</span> <span class='ocrx_word' id='word_1_445' title='bbox 694 4208 782 4252; x_wconf 91' lang='lat' dir='ltr'>emm</span> <span class='ocrx_word' id='word_1_446' title='bbox 811 4209 831 4252; x_wconf 93' lang='lat' dir='ltr'>a</span> <span class='ocrx_word' id='word_1_447' title='bbox 853 4187 1039 4255; x_wconf 63' lang='lat' dir='ltr'>Danaum</span> <span class='ocrx_word' id='word_1_448' title='bbox 1067 4190 1259 4256; x_wconf 89' lang='lat' dir='ltr'>mandatum</span> <span class='ocrx_word' id='word_1_449' title='bbox 1311 4208 1512 4289; x_wconf 59' lang='lat' dir='ltr'>symmystae</span> <span class='ocrx_word' id='word_1_450' title='bbox 1534 4227 1633 4288; x_wconf 66' lang='lat' dir='ltr'>quam</span> <span class='ocrx_word' id='word_1_451' title='bbox 1655 4205 1829 4272; x_wconf 71' lang='lat' dir='ltr'>earissimo,</span> 
     </span>
    </p>
   </div>
   <div class='ocr_carea' id='block_1_11' title="bbox 289 4273 2198 4446">
    <p class='ocr_par' dir='ltr' id='par_1_13' title="bbox 289 4273 2198 4446">
     <span class='ocr_line' id='line_1_41' title="bbox 289 4273 2198 4366; baseline 0.008 -23"><span class='ocrx_word' id='word_1_452' title='bbox 289 4298 324 4343; x_wconf 89' lang='lat' dir='ltr'>se</span> <span class='ocrx_word' id='word_1_453' title='bbox 346 4276 467 4342; x_wconf 90' lang='lat' dir='ltr'>habere</span> <span class='ocrx_word' id='word_1_454' title='bbox 492 4274 605 4341; x_wconf 87' lang='lat' dir='ltr'>dieunt</span> <span class='ocrx_word' id='word_1_455' title='bbox 633 4282 670 4340; x_wconf 93' lang='lat' dir='ltr'>ut</span> <span class='ocrx_word' id='word_1_456' title='bbox 691 4295 730 4339; x_wconf 90' lang='lat' dir='ltr'>ea</span> <span class='ocrx_word' id='word_1_457' title='bbox 751 4273 833 4338; x_wconf 90' lang='lat' dir='ltr'>mihi</span> <span class='ocrx_word' id='word_1_458' title='bbox 851 4273 1070 4357; x_wconf 88' lang='lat' dir='ltr'>suppeditent,</span> <span class='ocrx_word' id='word_1_459' title='bbox 1091 4277 1164 4342; x_wconf 89' lang='lat' dir='ltr'>sine</span> <span class='ocrx_word' id='word_1_460' title='bbox 1181 4297 1260 4360; x_wconf 92' lang='lat' dir='ltr'>quo·</span> <span class='ocrx_word' id='word_1_461' title='bbox 2028 4291 2198 4366; x_wconf 80' lang='lat' dir='ltr'>Geneuae.</span> 
     </span>
     <span class='ocr_line' id='line_1_42' title="bbox 289 4360 1260 4446; baseline -0.002 -18"><span class='ocrx_word' id='word_1_462' title='bbox 289 4384 364 4428; x_wconf 89' lang='lat' dir='ltr'>rum</span> <span class='ocrx_word' id='word_1_463' title='bbox 386 4360 547 4446; x_wconf 86' lang='lat' dir='ltr'>praesidio</span> <span class='ocrx_word' id='word_1_464' title='bbox 570 4368 698 4425; x_wconf 90' lang='lat' dir='ltr'>tantum</span> <span class='ocrx_word' id='word_1_465' title='bbox 721 4367 850 4441; x_wconf 91' lang='lat' dir='ltr'>tamque</span> <span class='ocrx_word' id='word_1_466' title='bbox 872 4360 1089 4443; x_wconf 88' lang='lat' dir='ltr'>perieulosum</span> <span class='ocrx_word' id='word_1_467' title='bbox 1111 4362 1175 4428; x_wconf 87' lang='lat' dir='ltr'>iter</span> <span class='ocrx_word' id='word_1_468' title='bbox 1198 4362 1260 4440; x_wconf 89' lang='lat' dir='ltr'>(uti</span> 
     </span>
    </p>
   </div>
   <div class='ocr_carea' id='block_1_12' title="bbox 288 4445 2375 5340">
    <p class='ocr_par' dir='ltr' id='par_1_14' title="bbox 288 4445 2375 5340">
     <span class='ocr_line' id='line_1_43' title="bbox 288 4445 2375 4547; baseline 0 -35"><span class='ocrx_word' id='word_1_469' title='bbox 288 4470 376 4514; x_wconf 90' lang='lat' dir='ltr'>nuno</span> <span class='ocrx_word' id='word_1_470' title='bbox 410 4456 488 4512; x_wconf 89' lang='lat' dir='ltr'>sunt</span> <span class='ocrx_word' id='word_1_471' title='bbox 518 4448 677 4529; x_wconf 88' lang='lat' dir='ltr'>tempora)</span> <span class='ocrx_word' id='word_1_472' title='bbox 711 4445 767 4528; x_wconf 91' lang='lat' dir='ltr'>qui</span> <span class='ocrx_word' id='word_1_473' title='bbox 797 4446 917 4529; x_wconf 88' lang='lat' dir='ltr'>possim</span> <span class='ocrx_word' id='word_1_474' title='bbox 950 4447 1107 4512; x_wconf 86' lang='lat' dir='ltr'>eonfiuere</span> <span class='ocrx_word' id='word_1_475' title='bbox 1133 4468 1200 4512; x_wconf 91' lang='lat' dir='ltr'>non</span> <span class='ocrx_word' id='word_1_476' title='bbox 1227 4456 1260 4512; x_wconf 88' lang='lat' dir='ltr'>te</span> <span class='ocrx_word' id='word_1_477' title='bbox 1396 4461 1730 4546; x_wconf 64' lang='lat' dir='ltr'>S‚0011032‚1)dum</span> <span class='ocrx_word' id='word_1_478' title='bbox 1751 4463 1787 4528; x_wconf 74' lang='lat' dir='ltr'>in</span> <span class='ocrx_word' id='word_1_479' title='bbox 1809 4470 1903 4529; x_wconf 61' lang='lat' dir='ltr'>wem</span> <span class='ocrx_word' id='word_1_480' title='bbox 1920 4482 2074 4540; x_wconf 59' lang='lat' dir='ltr'>essemus,</span> <span class='ocrx_word' id='word_1_481' title='bbox 2092 4463 2290 4547; x_wconf 55' lang='lat' dir='ltr'>priusquam</span> <span class='ocrx_word' id='word_1_482' title='bbox 2368 4481 2375 4498; x_wconf 90' lang='lat'><strong>·</strong></span> 
     </span>
     <span class='ocr_line' id='line_1_44' title="bbox 1312 4546 2290 4702; baseline 0.004 -4"><span class='ocrx_word' id='word_1_483' title='bbox 1312 4546 1719 4701; x_wconf 47' lang='lat' dir='ltr'>⁰b⁸⁰¹vd⁰0d¹otdl⁸⁵¹¹d</span> <span class='ocrx_word' id='word_1_484' title='bbox 1741 4557 2135 4701; x_wconf 68' lang='lat' dir='ltr'>⁰⁸tttt.ttt·t‘t</span> <span class='ocrx_word' id='word_1_485' title='bbox 2155 4548 2290 4702; x_wconf 56' lang='lat' dir='ltr'>td‘</span> 
     </span>
     <span class='ocr_line' id='line_1_45' title="bbox 391 4654 2324 4850; baseline 0.002 -65"><span class='ocrx_word' id='word_1_486' title='bbox 391 4720 421 4850; x_wconf 47' lang='grc' dir='ltr'>ἓξ</span> <span class='ocrx_word' id='word_1_487' title='bbox 439 4720 638 4843; x_wconf 34' lang='lat'>33:303&amp;</span> <span class='ocrx_word' id='word_1_488' title='bbox 658 4717 793 4774; x_wconf 61' lang='lat' dir='ltr'>mem</span> <span class='ocrx_word' id='word_1_489' title='bbox 811 4735 840 4774; x_wconf 76' lang='lat'>⁸0</span> <span class='ocrx_word' id='word_1_490' title='bbox 856 4720 969 4785; x_wconf 57' lang='lat' dir='ltr'>comm.</span> <span class='ocrx_word' id='word_1_491' title='bbox 1311 4654 1429 4784; x_wconf 54' lang='grc'>11111610</span> <span class='ocrx_word' id='word_1_492' title='bbox 1456 4720 1540 4786; x_wconf 86' lang='lat' dir='ltr'>istae</span> <span class='ocrx_word' id='word_1_493' title='bbox 1569 4656 1789 4795; x_wconf 43' lang='lat' dir='ltr'>transiet&#39;lgk)³</span> <span class='ocrx_word' id='word_1_494' title='bbox 1829 4718 1895 4785; x_wconf 87' lang='lat' dir='ltr'>Hie</span> <span class='ocrx_word' id='word_1_495' title='bbox 1922 4720 2006 4785; x_wconf 93' lang='lat' dir='ltr'>mihi</span> <span class='ocrx_word' id='word_1_496' title='bbox 2026 4721 2185 4800; x_wconf 82' lang='lat' dir='ltr'>narravit,</span> <span class='ocrx_word' id='word_1_497' title='bbox 2210 4688 2289 4806; x_wconf 48' lang='lat' dir='ltr'>pro:</span> <span class='ocrx_word' id='word_1_498' title='bbox 2322 4707 2324 4709; x_wconf 33' lang='grc'><strong><em>’</em></strong></span> 
     </span>
     <span class='ocr_line' id='line_1_46' title="bbox 391 4855 2290 5007; baseline 0.002 -27"><span class='ocrx_word' id='word_1_499' title='bbox 391 4855 578 4990; x_wconf 44' lang='grc'>1111111144.</span> <span class='ocrx_word' id='word_1_500' title='bbox 689 4995 695 5007; x_wconf 28' lang='grc'><strong>0</strong></span> <span class='ocrx_word' id='word_1_501' title='bbox 870 4996 886 5007; x_wconf 90' lang='lat'>..</span> <span class='ocrx_word' id='word_1_502' title='bbox 1411 4922 1441 4991; x_wconf 84' lang='grc'>3)</span> <span class='ocrx_word' id='word_1_503' title='bbox 1465 4925 1614 5007; x_wconf 61' lang='lat' dir='ltr'>Varronem</span> <span class='ocrx_word' id='word_1_504' title='bbox 1630 4926 1798 4994; x_wconf 53' lang='lat' dir='ltr'>gemamus.</span> <span class='ocrx_word' id='word_1_505' title='bbox 1835 4924 1978 4979; x_wconf 65' lang='grc' dir='ltr'>Ριᾱῑεαηϊ</span> <span class='ocrx_word' id='word_1_506' title='bbox 1997 4925 2103 4990; x_wconf 69' lang='lat' dir='ltr'>fratrer</span> <span class='ocrx_word' id='word_1_507' title='bbox 2120 4932 2290 4985; x_wconf 71' lang='lat' dir='ltr'>Mentem</span> 
     </span>
     <span class='ocr_line' id='line_1_47' title="bbox 390 4991 2357 5079; baseline 0.002 -31"><span class='ocrx_word' id='word_1_508' title='bbox 390 4993 426 5078; x_wconf 84' lang='grc' dir='ltr'>6)Ι</span> <span class='ocrx_word' id='word_1_509' title='bbox 439 4996 552 5049; x_wconf 69' lang='lat' dir='ltr'>Annum</span> <span class='ocrx_word' id='word_1_510' title='bbox 567 4993 734 5074; x_wconf 34' lang='lat' dir='ltr'>,medeae</span> <span class='ocrx_word' id='word_1_511' title='bbox 752 4993 885 5063; x_wconf 67' lang='lat' dir='ltr'>dodonae</span> <span class='ocrx_word' id='word_1_512' title='bbox 910 4995 1015 5050; x_wconf 69' lang='lat' dir='ltr'>reddas</span> <span class='ocrx_word' id='word_1_513' title='bbox 1039 5009 1073 5049; x_wconf 74' lang='lat' dir='ltr'>ee</span> <span class='ocrx_word' id='word_1_514' title='bbox 1099 4994 1209 5048; x_wconf 72' lang='lat' dir='ltr'>Ateste</span> <span class='ocrx_word' id='word_1_515' title='bbox 1235 5001 1261 5050; x_wconf 82' lang='lat' dir='ltr'>et</span> <span class='ocrx_word' id='word_1_516' title='bbox 1311 4991 1508 5075; x_wconf 66' lang='lat' dir='ltr'>Ohoeamm</span> <span class='ocrx_word' id='word_1_517' title='bbox 1523 5000 1648 5048; x_wconf 77' lang='lat' dir='ltr'>nommut</span> <span class='ocrx_word' id='word_1_518' title='bbox 1657 4993 1754 5075; x_wconf 58' lang='lat' dir='ltr'>Meyer</span> <span class='ocrx_word' id='word_1_519' title='bbox 1769 4994 1788 5047; x_wconf 84' lang='lat'>1.</span> <span class='ocrx_word' id='word_1_520' title='bbox 1797 4993 1822 5074; x_wconf 36' lang='lat' dir='ltr'>‚t</span> <span class='ocrx_word' id='word_1_521' title='bbox 1839 4991 1900 5051; x_wconf 78' lang='grc'><strong>295.</strong></span> <span class='ocrx_word' id='word_1_522' title='bbox 1934 4994 2077 5076; x_wconf 64' lang='lat' dir='ltr'>Fortassis</span> <span class='ocrx_word' id='word_1_523' title='bbox 2093 4997 2175 5050; x_wconf 66' lang='lat' dir='ltr'>dium</span> <span class='ocrx_word' id='word_1_524' title='bbox 2191 4993 2290 5053; x_wconf 64' lang='grc' dir='ltr'>Μαι·</span> <span class='ocrx_word' id='word_1_525' title='bbox 2352 5070 2357 5079; x_wconf 78' lang='lat'>.</span> 
     </span>
     <span class='ocr_line' id='line_1_48' title="bbox 390 5198 1623 5282; baseline -0.002 -28"><span class='ocrx_word' id='word_1_526' title='bbox 390 5200 419 5270; x_wconf 77' lang='lat'>2)</span> <span class='ocrx_word' id='word_1_527' title='bbox 436 5200 475 5256; x_wconf 78' lang='lat' dir='ltr'>In</span> <span class='ocrx_word' id='word_1_528' title='bbox 504 5199 612 5282; x_wconf 65' lang='lat' dir='ltr'>Mogore</span> <span class='ocrx_word' id='word_1_529' title='bbox 639 5202 702 5256; x_wconf 77' lang='lat' dir='ltr'>teet.</span> <span class='ocrx_word' id='word_1_530' title='bbox 728 5201 847 5257; x_wconf 70' lang='lat' dir='ltr'>Luem</span> <span class='ocrx_word' id='word_1_531' title='bbox 876 5215 981 5270; x_wconf 71' lang='lat' dir='ltr'>parum</span> <span class='ocrx_word' id='word_1_532' title='bbox 1010 5206 1128 5256; x_wconf 71' lang='lat' dir='ltr'>oetam</span> <span class='ocrx_word' id='word_1_533' title='bbox 1158 5200 1258 5270; x_wconf 73' lang='lat' dir='ltr'>alegate</span> <span class='ocrx_word' id='word_1_534' title='bbox 1310 5198 1403 5256; x_wconf 76' lang='lat'>2497.</span> <span class='ocrx_word' id='word_1_535' title='bbox 1416 5199 1444 5268; x_wconf 93' lang='grc'>1)</span> <span class='ocrx_word' id='word_1_536' title='bbox 1462 5199 1623 5257; x_wconf 67' lang='lat' dir='ltr'>dedendus.</span> 
     </span>
     <span class='ocr_line' id='line_1_49' title="bbox 291 5267 1787 5340; baseline -0.001 -14"><span class='ocrx_word' id='word_1_537' title='bbox 291 5269 464 5326; x_wconf 58' lang='lat' dir='ltr'>&amp;ammes</span> <span class='ocrx_word' id='word_1_538' title='bbox 483 5268 672 5340; x_wconf 64' lang='lat' dir='ltr'>cananeus,</span> <span class='ocrx_word' id='word_1_539' title='bbox 690 5276 822 5326; x_wconf 65' lang='lat' dir='ltr'>meream</span> <span class='ocrx_word' id='word_1_540' title='bbox 838 5277 864 5324; x_wconf 78' lang='lat' dir='ltr'>et</span> <span class='ocrx_word' id='word_1_541' title='bbox 879 5270 1017 5340; x_wconf 75' lang='lat' dir='ltr'>presbyter</span> <span class='ocrx_word' id='word_1_542' title='bbox 1034 5270 1166 5326; x_wconf 67' lang='lat' dir='ltr'>exuuiae</span> <span class='ocrx_word' id='word_1_543' title='bbox 1411 5267 1441 5337; x_wconf 75' lang='lat'>2)</span> <span class='ocrx_word' id='word_1_544' title='bbox 1458 5269 1602 5325; x_wconf 73' lang='lat' dir='ltr'>mendant</span> <span class='ocrx_word' id='word_1_545' title='bbox 1619 5270 1787 5338; x_wconf 73' lang='lat' dir='ltr'>apographa</span> 
     </span>
    </p>
   </div>
   <div class='ocr_carea' id='block_1_13' title="bbox 0 0 2394 5888">
    <p class='ocr_par' dir='ltr' id='par_1_15' title="bbox 0 0 2394 5888">
     <span class='ocr_line' id='line_1_50' title="bbox 0 0 2394 5888; baseline 0 0"><span class='ocrx_word' id='word_1_546' title='bbox 0 0 2394 5888; x_wconf 95' lang='lat' dir='ltr'> </span> 
     </span>
    </p>
   </div>
  </div>
 </body>
</html>
