4688 5910
78 313 139 375 eos
656 276 660 283 ’
921 315 999 374 ιιιι
1019 306 1242 377 supreme.
2010 309 2073 380 toa

77 505 145 562 tate
163 496 230 562 fiat
262 496 315 563 (ιίι
335 484 455 578 maus,
468 498 494 583 ⁸)
512 499 569 582 qui
587 497 735 564 celeriter
746 511 917 565 revocatus
934 499 1050 578 fuerat,
1101 496 1251 579 precibus
1272 497 1511 576 commendare,
1533 499 1620 583 quod
1642 519 1708 564 non
1731 498 1843 565 dubito
1865 508 1899 564 et
1920 521 2073 582 praesen·

77 582 281 733 among?
308 519 348 648 de
374 602 472 733 suffia
500 583 960 736 moraturitanlltimehpdurtrlqmne
981 585 1050 684 vio·
1101 594 1170 732 ξιιιι
1190 583 1328 683 lesisse,
1344 593 1438 733 teqtiue
1449 584 1548 735 tpluet}
1576 584 1741 753 ιἰιιιέιιιιι
1763 586 1860 734 priam
1883 607 1949 651 non
1979 608 2074 670 roga·

111 688 165 733 res
261 689 506 734 rumreum
559 691 642 735 ermr
811 689 858 735 arr
920 690 1052 735 amm·
1117 690 1300 748 um,ou1us
1408 690 1429 733 a
1504 689 1954 736 eamaueeiamro.

76 763 169 818 terea
192 753 332 837 Apuliae
352 775 443 819 oram
465 690 577 821 feruldt
599 778 619 821 a
640 755 742 822 classe
759 755 895 821 remia
917 755 1049 822 vastari
1187 752 1276 834 Quid
1297 688 1433 820 eogdbtur
1455 754 1596 820 Satanas
1624 764 1739 820 oontm
1767 692 1945 822 seelesiabo
1962 757 2074 823 omnia

77 836 146 906 Sed
168 838 246 922 quia
266 840 367 904 frater
381 840 550 923 Guyst'aai,
574 842 630 924 qui
652 864 694 906 ex
716 838 829 905 ordine
843 840 1050 906 Rhodiorum
1102 840 1182 903 satis
1203 850 1376 905 testantur.
1418 838 1486 906 Sed
1507 842 1697 906 invocemus
1718 840 1898 906 Dominum
1921 841 2017 925 plena
2038 844 2073 908 iu

78 933 141 1002 est,
176 931 315 1007 quatuor
346 925 517 1008 gallerieas
548 927 723 1012 oppressit,
756 926 944 992 eonieotura
975 948 1050 1009 pro-
1101 924 1210 1006 ipsum
1232 925 1296 990 fide
1318 943 1351 990 et
1376 925 1487 991 omnia
1514 926 1654 992 feliciter
1682 925 1806 992 oedent.
1849 928 2020 993 Proteotor
2041 935 2075 993 et

78 1008 197 1075 babilis
227 1023 275 1076 eet
303 1010 444 1094 reliquos
466 1010 574 1076 Gallis
602 1013 671 1078 fore
699 1013 853 1079 infensos.
890 1012 1051 1096 Suspecta
1102 1023 1250 1075 servator
1271 1020 1385 1076 noster
1405 1016 1456 1087 est
1477 1012 1584 1090 Deus,
1613 1013 1670 1095 qui
1700 1033 1759 1094 pro
1787 1010 1880 1078 nobis
1907 1021 1971 1078 est:
2000 1014 2074 1095 quis
2159 1019 2165 1030 '

77 1115 207 1178 quoque
229 1094 366 1161 deieotio
387 1105 438 1162 est
461 1096 598 1163 Poulani
626 1098 795 1165 ouiusdam
823 1099 878 1180 qui
901 1120 987 1164 unus
1008 1118 1050 1162 ex
1101 1096 1223 1179 poterit
1250 1105 1365 1162 oontm
1392 1095 1474 1162 nos?
1511 1098 1561 1162 'lu
1590 1098 1626 1162 in
1647 1097 1745 1162 horas
1772 1097 1976 1182 singulisque
2004 1119 2073 1165 mo·

78 1181 179 1265 regiis
199 1181 372 1265 praefeotis
393 1190 464 1248 erat
485 1183 520 1247 in
543 1185 627 1250 mari
648 1183 869 1269 Ligustico.⁷)
910 1173 917 1197 ‘
1101 1182 1221 1247 mentis
1248 1203 1349 1264 quum
1384 1182 1565 1265 experiaris
1596 1204 1663 1248 uon
1689 1182 1786 1248 modo
1814 1184 1848 1248 in
1877 1192 1925 1264 te,
1956 1204 2074 1249 verum

164 1265 257 1332 Haeo
277 1276 434 1349 tauquam
457 1270 579 1334 otiosus
601 1268 643 1334 ad
664 1277 697 1334 te
719 1269 824 1336 soribo
846 1279 884 1334 ut
905 1269 1050 1336 viaissim
1101 1269 1201 1332 etiam
1227 1267 1265 1331 in
1293 1279 1361 1332 tam
1391 1266 1504 1334 multis
1531 1269 1626 1351 (quot
1647 1268 1736 1332 enim
1763 1266 1956 1334 mutuanda
1976 1269 2074 1335 valde

78 1350 201 1434 aliquid
223 1351 357 1418 elioiam.
393 1353 492 1432 Vale,
520 1355 701 1420 clarissime
722 1357 774 1420 vir
801 1354 935 1420 etmihi
964 1374 1049 1420 sem·
1101 1352 1240 1437 singulis
1258 1354 1431 1419 momentis
1448 1352 1540 1419 vides
1562 1364 1596 1418 et
1617 1352 1735 1433 audis),
1755 1354 1899 1437 velitque
1909 1355 2073 1421 Dominus

77 1457 137 1520 per
166 1457 207 1502 ex
234 1439 343 1502 animo
370 1440 580 1506 observande.
615 1442 778 1506 Dominus
805 1440 863 1506 tibi
891 1440 986 1519 adsit,
1016 1448 1050 1505 te
1101 1449 1135 1503 te
1157 1448 1273 1504 testem
1286 1439 1546 1538 essenonverlp
1565 1439 1939 1522 tantumpraesentibus,
1957 1459 2073 1507 verum

77 1534 182 1607 regat,
206 1531 336 1589 tueatur
353 1535 387 1589 et
403 1528 685 1609 confir-metusque
706 1526 861 1592 infinem.
892 1526 1050 1592 Genavae
1101 1525 1232 1607 seriptis
1253 1545 1381 1607 quoque
1403 1534 1555 1608 posteris.
1585 1524 1663 1607 quid
1685 1546 1767 1609 opus
1795 1525 1906 1603 habes,
1937 1533 1973 1590 ut
2000 1526 2073 1608 quis

79 1614 108 1672 5.
131 1606 210 1674 Idus
233 1609 417 1693 Septembr.
446 1616 535 1676 1557.
1101 1621 1134 1675 te
1157 1618 1288 1675 moneat
1315 1609 1457 1675 horum?
1493 1609 1684 1675 Roborandi
1704 1631 1763 1695 per
1791 1618 1823 1676 te
1852 1618 1931 1677 sunt
1959 1630 2073 1678 omnes

1101 1696 1158 1778 qui
1188 1717 1246 1778 per
1273 1694 1389 1775 Iudas,
1419 1695 1633 1762 deleationem
1663 1717 1813 1775 suorum,
1842 1717 1902 1779 per
1930 1695 2073 1775 Saribas,

1102 1802 1160 1863 per
1181 1781 1387 1858 Pharisaeos,
1416 1803 1475 1864 per
1495 1780 1618 1847 Pilatus
1638 1789 1672 1846 et
1693 1781 1843 1848 Herodes
1864 1791 1898 1846 et
1918 1783 2074 1866 improbi-

1103 1876 1205 1931 tatem
1227 1866 1331 1950 plebis
1354 1880 1387 1930 et
1409 1866 1550 1932 militum
1573 1865 1782 1932 divexentur.

1186 1952 1299 2020 Habes
1317 1972 1400 2035 quae
1417 1951 1531 2018 eeribit
1552 1952 1627 2035 pius
1643 1952 1699 2018 ille
1718 1957 1817 2017 Anto.
1844 1953 2033 2034 Quadratus,
2046 1958 2074 2032 ²)

454 2056 653 2067 -····-
1101 2059 1184 2120 quae
1206 2037 1263 2103 ubi
1284 2038 1405 2121 legeris
1427 2050 1461 2103 et
1481 2039 1522 2104 ad
1547 2037 1687 2104 Vestam
1704 2039 1842 2118 maome,
1863 2038 1974 2104 iubeto
1991 2039 2073 2104 mihi

1101 2122 1207 2201 reddi,
1239 2143 1315 2187 nam
1339 2125 1394 2187 vix
1416 2122 1507 2188 liouit
1529 2122 1610 2188 mihi
1639 2124 1747 2208 legere
1769 2124 1976 2202 festinanter,
2006 2145 2075 2189 non

1102 2209 1172 2273 sine
1195 2209 1291 2291 eulpa
1313 2208 1420 2285 huius,
1444 2209 1498 2291 qui
1520 2209 1695 2274 abitionem
1719 2230 1812 2274 suam
1829 2208 1912 2275 mihi
1935 2230 2001 2274 non
2023 2211 2074 2274 in·

1102 2293 1240 2446 ιιι
1257 2293 1492 2445 ιιιιιει
1508 2294 2074 2457 {aare

321 2480 349 2544 p
352 2479 568 2546 ARELLUS
587 2479 615 2546 0
617 2479 805 2546 ΑῙΝῙΝΟ,
922 2499 924 2502 ·
1102 2475 1136 2531 et
1167 2465 1341 2549 collegium
1372 2486 1410 2530 eo
1439 2466 1568 2548 privare
1606 2466 1708 2531 aliis*
1741 2466 1796 2548 qui
1829 2466 1938 2530 virum
1973 2486 2073 2549 exop-

1101 2560 1191 2628 tant,
1220 2551 1309 2626 unde
1337 2560 1448 2616 tantus
1475 2552 1603 2616 fruetus
1625 2560 1729 2633 patet,
1758 2560 1797 2615 ut
1818 2550 1899 2615 nihil
1921 2551 1965 2616 sit
1986 2549 2074 2633 quod

167 2649 296 2718 prm
314 2651 382 2717 aaa
398 2651 553 2734 medam
569 2651 664 2716 obiter
684 2657 713 2717 a
733 2653 813 2717 3023,
833 2654 959 2719 oppam
974 2675 1050 2735 Μ.
1101 2658 1122 2702 a
1144 2637 1189 2703 ud
1211 2657 1271 2702 nos
1297 2637 1374 2715 agit,
1397 2657 1498 2718 quum
1517 2645 1688 2719 praeterea
1709 2635 1870 2702 Dominus
1901 2636 2009 2703 viarm
2030 2636 2073 2702 ed

76 2739 153 2815 1020,
183 2739 220 2803 dp
248 2738 358 2804 pm
378 2737 621 2804 maassiae
642 2738 680 2802 dp
702 2736 846 2803 madi„
867 2759 929 2820 W
953 2738 1051 2805 om.
1101 2659 1143 2786 id
1155 2742 1288 2787 movere
1310 2721 1471 2800 videatur,
1494 2742 1559 2786 non
1582 2722 1677 2787 video
1697 2721 1803 2804 quid*
1824 2720 1896 2787 Deo
1918 2722 2072 2788 resistere

74 2844 163 2902 vam,
191 2822 297 2890 Besae
317 2825 470 2890 amatione
494 2823 688 2901 Parieieaet',
718 2823 922 2907 colloquioque
949 2824 1050 2908 laqui-
1100 2808 1272 2891 mimus·
1307 2805 1475 2906 E8⁰fl1¹id
1492 2806 1636 2903 Ρθθθῑξῐῑῗ
1665 2806 1731 2906 Hit),
1747 2807 1841 2886 nihil,
1858 2807 1936 2874 alibi
1953 2808 2072 2886 mium,

74 2914 130 2975 tar
155 2905 385 2989 Womatieaei,
402 2930 462 2992 quo
486 2907 650 2975 oseem
671 2910 719 2974 ire
740 2911 826 2994 capit
847 2911 916 2992 ipse
932 2912 1048 2977 manib.
1100 2903 1212 3044 ἓξὲξ
1245 2892 1791 3060 ‘lxlrlgisffimwgffissffifflffi
1831 2902 1966 2976 parim1⁸
1998 2914 2072 2958 sum

536 1748 677 1815 Ioannes
698 1747 857 1814 Calvinus
879 1755 963 1813 tuus.
1014 1774 1017 1787 ¹

73 3080 131 3145 (ιιι
153 3086 267 3202 ιιιωςδιέ
286 3081 322 3135 lo
339 3079 404 3134 cod.
422 3080 524 3135 Gener.
544 3080 603 3144 115,
630 3080 675 3135 rel
694 3079 754 3151 188,
775 3082 836 3135 0011.
859 3097 882 3134 e.
901 3082 966 3138 ceu
990 3081 1049 3149 116,
1185 3062 1295 3145 Quom
1324 3083 1453 3146 semper
1479 3063 1591 3147 optavi
1620 3075 1653 3129 te
1682 3061 1724 3128 ad
1749 3073 1949 3132 eonventum
1972 3063 2072 3129 Wor·

164 3149 210 3204 tol.
289 3150 359 3219 app.
378 3150 458 3204 Rern.
475 3150 522 3204 VI.
539 3167 566 3219 p.
584 3147 637 3203 678
653 3156 682 3203 et
698 3149 808 3204 simleri
825 3150 888 3205 Vol
906 3150 963 3218 90.)
1100 3151 1293 3216 matiensem
1314 3150 1428 3215 venire
1454 3157 1488 3214 et
1515 3147 1632 3214 lubens
1661 3149 1722 3216 tibi
1747 3169 1856 3216 eomes
1882 3170 1953 3230 ero,
1981 3161 2015 3215 et
2035 3151 2072 3215 in

1100 3235 1156 3300 via
1176 3235 1363 3301 adnitemur
1384 3233 1580 3300 Blaarerum
1601 3233 1696 3300 nobis
1718 3234 1912 3319 adiungere,
1939 3247 1978 3300 ut
1998 3246 2072 3300 tan·

377 3322 410 3386 A
431 3321 600 3387 Monsieur
622 3320 750 3387 Oalvin
1100 3320 1174 3386 dem
1207 3328 1274 3386 tam
1291 3320 1458 3420 'pestilens
1486 3318 1654 3418 dissidium
1686 3341 1818 3419 prorsus
1850 3320 1986 3419 tollatur
2016 3320 2072 3387 vel

163 3491 199 3558 S.
224 3491 341 3576 Longe
359 3491 465 3575 magis
482 3490 675 3575 optabamus
691 3500 726 3557 te
742 3493 809 3559 hue
827 3493 938 3558 venire
949 3515 1047 3576 quam
1099 3406 1384 3576 {bodevidoebmbbra
1411 3403 1881 3573 gdbffgmpogtisndblffaulbreo
1894 3405 2072 3557 ddtmbffi

74 3588 217 3644 matrem
238 3577 395 3661 principis
409 3581 433 3652 ¹)
452 3577 539 3643 istuo
561 3576 602 3642 ad
624 3586 673 3642 te:
702 3588 811 3644 tamen
833 3580 956 3664 gratias
978 3580 1046 3644 Do-
1099 3597 1167 3643 non
1188 3588 1326 3644 vooatus
1347 3585 1381 3642 te
1402 3577 1561 3661 ingerere,
1590 3584 1627 3641 ut
1647 3597 1823 3659 oomponas
1845 3577 1897 3642 vel
1920 3583 1978 3642 tuo
1999 3586 2071 3643 tau·

74 3665 166 3730 mino
194 3663 323 3747 agimus
351 3662 437 3746 quod
465 3683 503 3728 eo
531 3663 671 3728 adduota
697 3664 811 3742 fixerit,
844 3674 883 3730 ut
911 3665 1047 3730 mutarit
1098 3669 1171 3727 tum
1193 3663 1324 3729 nomine
1346 3681 1421 3728 oum
1448 3661 1528 3738 illis,
1558 3682 1646 3727 nuno
1675 3683 1776 3744 quum
1801 3668 1959 3746 oogentur
1980 3663 2070 3744 prin·

75 3749 275 3815 sententiam
297 3755 330 3813 et
356 3749 437 3814 istae
459 3750 627 3815 transierit
648 3758 743 3832 teque
765 3749 912 3816 audierit
948 3748 1047 3831 Quod
1098 3749 1195 3831 eipes,
1218 3748 1276 3831 qui
1297 3757 1414 3831 sponte
1436 3768 1475 3812 eo
1497 3746 1758 3830 propendebant:
1788 3748 1867 3830 quid
1887 3759 1980 3831 potes
2001 3769 2071 3814 oes-

75 3844 115 3900 ut
137 3835 208 3900 sine
230 3833 471 3917 dispensatione
482 3836 548 3900 Dei
564 3835 686 3900 laetum
703 3856 770 3900 non
787 3843 846 3914 est,
868 3838 916 3901 ita
936 3835 1048 3902 lruetu
1099 3854 1182 3911 sare,
1203 3834 1282 3918 quin
1304 3831 1479 3900 acaunus?
1515 3831 1555 3897 si
1573 3842 1609 3896 tu
1627 3832 1718 3911 nolis,
1742 3854 1789 3912 eo,
1812 3833 1841 3897 si
1862 3853 1996 3917 possum
2017 3854 2071 3899 me

76 3941 144 3985 non
172 3920 303 3986 oarebit.
347 3920 462 3986 Iussus
486 3920 534 3986 fui
556 3920 596 3986 ab
626 3941 674 4000 ea,
697 3919 774 3986 dum
798 3921 875 3988 hino
895 3920 1048 3991 solveret
1099 3920 1315 3997 eonferam.⁴)
1349 3918 1486 3986 Utinam
1508 3917 1629 3984 Rosam
1657 3917 1779 3984 habere
1806 3918 1937 4000 possim
1973 3919 2071 3983 Dona

73 4008 255 4089 prinoipem
285 4002 342 4092 [et]
373 4026 408 4070 se
441 4027 568 4089 quoque
601 4007 666 4071 tuis
699 4015 733 4072 et
764 4007 858 4073 istius
891 4007 1046 4074 eoeleeiae
1099 4006 1161 4071 hoe
1182 4004 1274 4081 mihi,
1295 4025 1368 4070 meo
1387 4003 1521 4070 Ohristo
1542 4013 1575 4068 et
1592 4024 1672 4069 suae
1694 4003 1857 4081 eoelesiae,
1879 4013 1913 4068 et
1929 4003 1983 4069 hio
2004 4025 2070 4069 non

1099 4104 1168 4156 tam
1202 4092 1313 4156 omnia
1345 4089 1510 4173 expendas
1543 4108 1624 4171 quae
1657 4097 1690 4154 te
1729 4089 1885 4155 remorari
1924 4104 2069 4171 possunt.

1098 4177 1299 4244 Audendum
1321 4197 1379 4259 pro
1400 4192 1468 4240 tam
1490 4186 1603 4240 saneto
1624 4194 1729 4258 opere.

178 4260 215 4342 ⁶⁶2.
227 4261 364 4315 maneas
382 4277 415 4314 ee
434 4259 520 4343 retae
537 4261 634 4344 reque,
652 4263 704 4341 ‚uss
717 4262 826 4344 pauses
843 4269 867 4317 a
883 4263 1047 4331 poetaeat-
1184 4262 1387 4346 Diligentius
1404 4260 1584 4344 perquisivi
1606 4259 1646 4325 de
1668 4281 1822 4343 responso
1840 4273 1896 4325 tuo
1914 4259 1955 4324 ad
1976 4258 2071 4326 Weet

74 4330 412 4461 fflmffiffl’
429 4346 485 4385 ”m
498 4337 628 4385 ‘mm‘
644 4330 819 4386 mmmm
829 4333 983 4400 mm
1000 4338 1047 4388 ⁶⁸⁸·
1092 4348 1237 4430 phalam,
1267 4347 1324 4413 sed
1347 4368 1443 4412 nemo
1465 4367 1506 4410 ex
1533 4346 1583 4422 iis,
1614 4345 1670 4428 qui
1699 4345 1853 4410 morunt
1878 4345 1976 4410 istino
2004 4345 2069 4410 huo

75 4403 86 4468 (
179 4466 209 4532 7)
230 4436 459 4534 Μη,’ῡα,ο,,
484 4468 517 4522 p,
543 4468 571 4522 ια
600 4467 700 4535 pm,
726 4464 839 4537 mm,
865 4469 914 4524 d„
943 4470 1048 4539 W„
1098 4433 1209 4510 libros,
1231 4456 1292 4500 aee
1313 4432 1399 4498 alius
1421 4430 1505 4496 dixit
1526 4453 1561 4497 se
1584 4429 1706 4496 habere
1723 4433 1803 4513 quin
1820 4441 1854 4496 et
1872 4431 2070 4497 [lausannae

75 4536 115 4592 aa
133 4534 198 4590 Rei.
1099 4519 1287 4602 perquisivi,
1309 4517 1368 4584 sed
1389 4536 1550 4600 nusquam
1572 4516 1743 4582 inventum
1767 4525 1825 4582 est
1868 4515 1936 4582 Sed
1958 4517 2070 4582 aeneio

75 4603 173 4659 2702.
184 4605 212 4670 1)
232 4603 276 4658 De
298 4602 437 4659 Jaeobaea
460 4604 493 4659 de
519 4604 619 4658 Rotae
640 4604 840 4659 marcbioniesa
862 4604 896 4660 de
920 4604 1048 4661 Botltelia

75 4672 113 4740 es.
130 4687 164 4726 ιιι
199 4689 217 4727 ιι
240 4673 278 4727 Ν.
295 4670 374 4726 2646.
391 4671 467 4726 2647.
487 4672 562 4728 2653.
580 4670 657 4729 2659.
673 4672 749 4727 2660.
784 4674 824 4728 Le
846 4676 898 4727 due
921 4674 955 4727 de
976 4675 1048 4729 Lou-

75 4759 114 4865 §p
150 4741 195 4795 'le
213 4742 301 4808 (filiae
317 4743 388 4809 tius)
403 4743 445 4795 fut
460 4743 511 4795 fait
527 4743 681 4812 prisonnier
697 4759 747 4812 par
764 4743 805 4797 les
820 4745 971 4813 Repugnols
988 4743 1005 4797 a
1021 4745 1049 4797 la

114 4810 190 4864 uine
212 4811 246 4866 de
264 4810 303 4865 St
322 4811 448 4876 Quantin.
482 4812 657 4877 Boustetten,
681 4811 706 4865 le
729 4828 901 4881 gouverneur
922 4813 956 4865 de
974 4813 1048 4866 Neu·
1201 4808 1232 4873 2)
1252 4808 1290 4864 N.
1307 4805 1384 4861 2637.
1401 4803 1479 4860 2654·
1499 4802 1576 4860 2655·

75 4879 168 4934 obatel
185 4895 219 4933 eu
236 4886 319 4949 ayant
341 4879 455 4933 informi
480 4880 520 4933 les
543 4881 682 4950 seigneurs
700 4880 734 4933 de
752 4881 841 4936 Beroe
858 4882 963 4935 oeux-oi
981 4881 1048 4936 ecri-
1202 4879 1232 4946 3)
1250 4877 1353 4931 Boram
1376 4880 1441 4931 latta
1461 4876 1589 4944 team
1611 4874 1691 4930 eadat
1708 4872 1882 4928 Patisium
1898 4873 1952 4929 ts'bi
1968 4878 2071 4942 eripete

76 4949 170 5002 virent
186 4946 203 5001 i
219 4948 246 5001 la
262 4950 399 5018 marquise
423 4949 448 5001 le
466 4946 508 5002 22.
528 4951 601 5003 doit
622 4967 675 5003 une
696 4950 778 5004 lettre
801 4951 835 5005 de
859 4950 1047 5004 oondoleauoe.
1100 4949 1173 5005 baal.
1208 4945 1311 5012 (Basta
1330 4944 1348 4998 l
1367 4943 1441 5010 329.)

76 5018 116 5073 Et
139 5032 241 5070 tommo
265 5017 317 5070 elle
343 5018 417 5071 avait
443 5017 550 5072 dessein
577 5018 611 5072 de
637 5024 781 5073 retourner
803 5036 837 5074 en
854 5020 959 5073 llranee
980 5035 1049 5088 pour
1202 5016 1232 5083 4)
1251 5014 1357 5070 Scslieet
1382 5029 1455 5067 tana
1481 5027 1527 5081 spe
1553 5010 1662 5067 maes
1684 5016 1711 5065 tt
1735 5011 1790 5065 nbi
1814 5024 1972 5091 woeserma
1994 5009 2071 5064 baud

76 5085 252 5142 travailleri
274 5086 342 5140 seire
366 5086 464 5140 rendre
485 5087 513 5140 la
535 5087 633 5142 liberte'
650 5088 667 5140 a
684 5105 733 5142 sou
751 5088 792 5142 fils
829 5088 862 5143 ils
879 5090 917 5141 lui
935 5088 1049 5143 eonseil·
1100 5085 1229 5156 diffidens
1251 5099 1320 5153 quae
1343 5089 1381 5137 tot
1404 5083 1454 5136 alii
1474 5081 1585 5149 fasma
1607 5085 1785 5135 amassent
1823 5078 1929 5132 Revera
1951 5095 1981 5132 ιιι
2002 5078 2069 5133 θοι·-

76 5154 168 5212 lbrent
193 5155 227 5209 de
254 5172 287 5208 ne
310 5172 358 5225 pas
384 5172 478 5226 passer
504 5172 555 5225 par
579 5157 606 5210 ln
628 5132 950 5280 Bomplogne'pareeque
977 5163 1049 5211 eette
1100 5156 1220 5211 ιιιαιιίιιιιι
1238 5167 1266 5207 te
1283 5152 1395 5207 eontulit
1413 5151 1534 5206 sedulia
1552 5149 1585 5204 de
1602 5163 1694 5214 cauea,
1712 5147 1753 5202 vel
1770 5148 1797 5200 ιι·
1811 5148 1898 5201 mavis
1914 5147 1969 5201 alio
1988 5163 2070 5215 prae·

78 5231 158 5288 route
175 5223 243 5277 eteit
259 5229 322 5292 trop
339 5225 512 5294 dangerouse.
548 5224 673 5290 (Baebat
730 5224 826 5293 w.)
1101 5222 1492 5291 ιιιιιι,ιοι’1.ιιιριιίιιι’ρῶιιι
1507 5221 1570 5288 pies
1588 5217 1759 5273 Porsiere
1776 5214 1979 5270 maerores
