4688 5902
272 320 335 387 651
1020 314 1282 383 EPIS'POLAE
1303 313 1514 378 2672-2676
2208 314 2265 375 552

270 508 482 592 acciperent
512 505 587 571 inde
618 506 690 569 Rex
718 503 880 588 intelligat
908 503 966 567 illa
993 523 1059 568 non
1086 503 1242 586 quaesita,
1336 523 1408 568 rere
1430 502 1533 584 cupio,
1546 503 1573 576 8)
1584 499 1758 564 molestum
1775 499 1853 577 fore,
1864 499 2030 583 paulisper
2047 498 2180 563 differre
2201 521 2268 563 rna·

272 593 333 658 aed
359 593 614 657 incolumitatem
638 589 787 667 fratrum,
818 590 873 672 qui
901 598 979 654 sunt
1000 589 1147 653 membra
1168 609 1243 652 nos-
1307 589 1340 652 ui
1371 586 1474 654 donec
1506 606 1613 650 meam
1650 605 1782 667 operam
1816 604 1881 649 non
1915 593 2087 668 tantopere
2119 585 2268 668 flagitent

274 692 329 743 tra
351 689 385 743 et
413 677 558 741 ciusdem
587 676 754 758 religionis
784 684 959 740 consortes.
1003 674 1093 758 Ergo
1115 675 1143 739 si
1164 673 1245 739 velit
1294 674 1506 740 necessitates
1523 671 1727 737 domesticae.
1770 670 1824 735 De
1844 691 1955 736 rerum
1972 684 2161 736 nostrarum
2182 677 2269 736 statu

274 765 352 828 Rex
374 762 550 845 gratificari
573 771 686 843 parcat
714 759 858 824 innoxiis
880 769 913 824 et
934 759 1091 825 fratribus
1113 759 1243 824 nostris.
1295 758 1378 823 nihil
1406 759 1512 825 scribo
1541 779 1584 822 nc
1610 757 1733 822 frustra
1759 764 1791 820 te
1813 758 1989 823 excrucies.
2029 758 2075 822 Ilt
2097 778 2208 822 coram
2230 757 2267 821 li·

275 848 350 913 Hoo
379 848 447 912 fore
476 848 567 911 nobis
590 847 740 911 omnibus
773 854 971 929 pergratum.
1022 845 1096 910 Rex
1126 844 1246 927 alioqui
1295 844 1406 910 berius
1439 863 1612 927 exponam,
1645 863 1728 924 quae
1759 863 1824 906 non
1856 842 1990 924 capiunt
2019 843 2146 918 literae,
2177 841 2267 908 modo

276 935 432 1016 scriptam
468 932 603 997 dederat
634 944 711 996 ante
739 931 915 997 discessum
951 931 1205 1013 responsionem,
1217 933 1245 1006 ³)
1295 930 1481 1013 pauxillum
1503 928 1655 994 mitescat
1675 948 1789 992 eorum
1810 928 2044 1007 inhumanitas,
2067 931 2123 1012 qui
2146 929 2187 993 ad
2210 949 2267 994 noe

277 1018 365 1082 unde
387 1018 509 1099 liquide
536 1017 616 1083 satis
645 1017 786 1101 intelligi
814 1038 880 1080 uon
907 1025 1035 1099 poterat
1063 1036 1146 1100 quae
1174 1016 1246 1081 cius
1296 1014 1470 1081 diruendos
1481 1016 1510 1098 ⁴)
1532 1021 1680 1080 extrema
1691 1034 1835 1096 quaeque
1846 1023 1984 1093 tentant,
2003 1013 2137 1081 Scribas
2158 1035 2268 1097 quam·

276 1103 436 1168 voluntas.
470 1103 642 1167 Nonenim
657 1102 784 1167 dicebat
805 1124 840 1167 sc
857 1104 893 1166 in
912 1102 1063 1166 instituto
1080 1111 1245 1183 perrectu-
1297 1101 1353 1166 diu
1370 1102 1444 1166 istic
1465 1101 1578 1165 lirtura
1594 1099 1638 1165 sit
1654 1099 1820 1183 Principis
1831 1109 1952 1165 mater:
1974 1122 2037 1183 quo
2059 1122 2114 1164 me
2134 1100 2267 1167 celerius

277 1210 349 1253 rum
369 1209 476 1271 neque
495 1188 621 1252 dicebat
642 1210 676 1252 se
698 1187 763 1251 illis
786 1208 985 1270 parsurum·
1014 1187 1129 1271 Legati
1147 1188 1245 1252 Prin·
1297 1185 1478 1270 expediam,
1508 1188 1536 1252 si
1565 1188 1648 1251 forte
1676 1185 1854 1272 dmcessm
1877 1195 2028 1266 maturet,
2050 1185 2138 1271 quod
2160 1195 2265 1251 tameo

277 1275 397 1356 cipum,
429 1274 506 1337 dum
535 1275 637 1338 nostri
669 1271 956 1357 Montbelgardum
984 1293 1113 1351 venere,
1126 1277 1154 1354 ⁴)
1183 1275 1246 1337 iter
1297 1295 1363 1338 non
1385 1273 1536 1338 arbitror.

277 1360 418 1443 ingressi
440 1368 527 1424 sunt.
573 1359 626 1423 Ita
643 1357 761 1424 comes
787 1359 942 1442 Gecrpius
963 1359 1245 1441 wirtembergen-

277 1446 323 1510 sis
354 1445 502 1509 narravit
538 1446 665 1509 nostris.
723 1444 864 1508 Mittunt
897 1444 1081 1523 Palatinus,
1109 1443 1244 1520 Hessos,

277 1530 599 1612 Wirmmbcrgensis,
623 1528 792 1594 Badensis.
807 1534 832 1606 Β)
876 1530 961 1594 Boni
984 1530 1133 1596 consulas
1154 1529 1244 1607 haec,

277 1617 418 1681 obsecro.
476 1615 577 1680 Plura
600 1616 665 1679 iam
690 1636 756 1679 non
786 1616 886 1697 potui.
927 1613 993 1681 Sed
1016 1616 1096 1680 haec
1118 1636 1246 1680 summa

277 1711 328 1766 est
350 1703 396 1766 rei
420 1702 527 1766 totius.
568 1701 651 1763 Vale
669 1702 790 1765 iterum
808 1708 905 1783 atque
923 1702 1051 1765 iterum.
1066 1705 1092 1774 ⁸)

712 2398 809 2467 2673.

522 2569 756 2636 CALVINUS
775 2571 1006 2638 FARELLO.

364 2737 401 2802 Si
421 2760 483 2803 aaa
500 2742 607 2803 statim
637 2747 669 2804 at
697 2748 773 2806 certe
789 2743 971 2824 propediem
991 2745 1177 2811 Neoeomeem
1199 2769 1247 2812 oe-

274 2826 347 2889 m'et.
393 2823 489 2888 Liber
510 2831 615 2891 eontra
654 2826 865 2910 Westpialam
893 2829 960 2893 iam
983 2831 1072 2912 prelo
1094 2833 1247 2898 subiectus

275 2915 319 2973 est
341 2909 454 2989 etsere
472 2910 641 2976 absolutae.
671 2912 846 2978 Consilium
868 2916 971 2994 amici,
994 2917 1108 2982 scilieet
1130 2923 1164 2982 at
1184 2920 1246 2983 cibi

275 3000 459 3076 temperaret
480 2998 515 3060 ia
533 2999 717 3078 confutando
739 3000 930 3077 adversario,
952 3004 1118 3082 quominus
1138 3024 1246 3086 aeque·

273 3085 363 3144 retur
382 3081 415 3143 ia
435 3102 531 3146 cauea
550 3083 614 3163 fuit
639 3083 735 3148 baias
756 3086 861 3165 ipsias
881 3086 1002 3153 hostilia
1024 3089 1158 3154 animae.

276 3269 331 3331 (Ex
350 3268 517 3389 autographo
535 3267 599 3322 (iod.
618 3270 717 3324 Gener.
737 3271 808 3336 107³,
826 3274 871 3326 fol.
892 3272 948 3326 167.
981 3274 1019 3329 Cf.
1040 3275 1102 3330 Ood.
1122 3275 1180 3339 108,
1199 3278 1244 3332 iol.

395 3335 411 3388 9
485 3354 529 3406 pp.
550 3339 631 3391 Bern.
650 3339 694 3393 VI.
714 3357 741 3408 p.
760 3338 811 3392 734
829 3347 857 3396 et
877 3343 984 3396 Simleri
1003 3344 1065 3398 Vol.
1084 3343 1137 3410 90.)

276 3507 410 3571 Eximio
439 3508 566 3572 Ohristi
599 3530 694 3574 servo
723 3511 901 3578 Guillelmo
924 3515 1064 3595 Farello,
1093 3518 1248 3583 eeclesiae

276 3592 510 3659 Neoeomensis
537 3595 727 3661 fidelissimo
755 3599 877 3679 pastori
904 3600 999 3665 fratri
1029 3614 1062 3667 et
1084 3624 1246 3688 symmys-

637 3692 689 3745 tae
712 3685 887 3749 carissimo.

363 3849 397 3913 S.
422 3851 532 3914 Lectis
560 3849 773 3934 Christopltcri
787 3859 811 3925 ¹)
837 3858 941 3922 nostri
974 3857 1077 3923 literis
1100 3859 1190 3924 nulla
1211 3862 1247 3924 in

277 3954 330 3998 me
360 3936 475 3999 fuisset
504 3956 605 4013 mora,
631 3940 708 4018 quin
739 3949 849 4004 restro
872 3942 1069 4019 desideri02)
1092 3945 1247 4028 obseque-

278 4041 341 4096 rer,
366 4022 426 4085 nisi
450 4021 531 4085 mihi
550 4022 681 4087 aliunde
704 4026 823 4090 iniecta
845 4038 930 4094 esset
952 4050 1078 4094 manus.
1113 4029 1181 4096 Sed
1190 4032 1247 4097 ubi

276 4105 429 4171 subolfeei
453 4107 630 4172 discessum
661 4130 769 4175 meum
793 4115 959 4181 nonnullis
984 4115 1100 4198 quibus
1123 4137 1247 4181 morem

275 4280 480 4289 *—

378 4396 409 4458 3)
428 4414 472 4465 ap.
491 4399 570 4453 Heca.
591 4399 665 4456 Butl.
680 4418 708 4468 p.
728 4400 786 4453 346.

379 4464 408 4527 4)
429 4468 458 4518 ia
477 4468 573 4520 reditu.

378 4532 409 4598 5)
427 4551 487 4589 eam
513 4537 601 4590 tribue
628 4537 699 4590 aliia.
737 4539 832 4592 Etiam
859 4539 1009 4594 Starmiam
1035 4542 1191 4596 incitarunt
1217 4548 1248 4596 ut

275 4618 335 4724 qoem
357 4603 540 4731 leppgqa‘irem
567 4605 610 4658 bie
633 4622 696 4659 vero
720 4609 862 4663 reeusarit.
898 4607 1016 4677 (Kupier
1038 4609 1081 4663 45.
1119 4609 1247 4678 Schmidt,

299 4681 377 4725 turm.
449 4709 454 4719 .
671 4712 673 4717 «

379 4738 408 4799 6)
428 4739 494 4794 Nea
522 4741 586 4794 berre
618 4749 724 4797 constat
750 4746 861 4813 quando
887 4746 969 4814 lepati
995 4746 1181 4802 Helveticmrm
1207 4763 1248 4801 re·

275 4807 377 4862 dieriat
402 4827 557 4878 quaequam
575 4818 664 4865 exalat
682 4813 798 4866 Ereberi
819 4814 976 4867 Tarieeaaia
993 4814 1026 4867 de
1042 4815 1093 4869 bae
1116 4815 1248 4885 locatione

274 4877 396 4930 diarium
414 4894 446 4929 ea
464 4895 517 4947 quo
538 4879 622 4946 plara
640 4898 683 4948 ap.
703 4880 850 4935 Baumiam
869 4883 889 4934 1.
908 4882 966 4936 272.
993 4883 1073 4949 Heca,
1090 4882 1149 4937 337.
1185 4886 1248 4939 Iam

1382 1358 1424 1423 In
1454 1357 1629 1440 Weatpbaio
1651 1357 1828 1439 etreliquie
1845 1356 1978 1423 difficile
2000 1367 2072 1423 erat
2089 1359 2172 1423 mihi
2190 1366 2266 1422 tem·

1296 1465 1419 1527 parare,
1450 1455 1488 1508 ut
1515 1443 1687 1510 consilium
1720 1454 1814 1508 tuum
1848 1442 1983 1509 ferebat.
2030 1444 2169 1509 Fratres
2201 1464 2266 1509 esse

1297 1529 1387 1608 dicis,
1410 1532 1467 1612 qui
1491 1530 1671 1595 fraternum
1689 1523 1817 1606 nomen,
1840 1549 1869 1679 sp
1891 1551 1911 1593 a
1932 1531 2025 1595 nobis
2042 1530 2190 1595 oblatum
2211 1542 2265 1606 est,

1296 1636 1364 1681 non
1386 1627 1546 1698 respuunt
1566 1615 1671 1693 modo,
1695 1614 1752 1680 sed
1773 1635 1851 1679 exse
1870 1626 1992 1680 rantur.
2035 1616 2081 1680 Et
2101 1637 2202 1698 quam
2224 1636 2266 1681 es·

1297 1722 1406 1767 semus
1429 1701 1573 1778 ridiculi,
1595 1702 1775 1765 fraternum
1797 1701 1946 1765 iactando
1968 1722 2088 1766 nomen
2110 1701 2199 1784 apud
2216 1722 2265 1767 eos

1297 1788 1414 1870 quibus
1444 1786 1614 1852 deterrimi
1649 1807 1762 1852 sumus
1799 1787 1963 1851 haeretici.
2008 1789 2121 1869 Atque
2148 1798 2185 1852 ut
2211 1786 2264 1852 tibi

1298 1874 1351 1939 vel
1363 1875 1436 1938 aliis
1447 1875 1547 1956 sequi,
1566 1872 1651 1956 quod
1663 1873 1864 1954 praescribis,
1883 1872 2062 1937 fueritnon
2074 1894 2186 1956 grave,
2207 1874 2264 1939 alia

1298 1959 1362 2024 fuit
1383 1960 1506 2042 ingenii
1529 1959 1594 2023 mei
1616 1959 1708 2024 ratio.
1752 1958 1853 2023 Liber
1871 1957 2004 2022 dimidia
2025 1960 2092 2024 iam
2115 1969 2264 2041 exparte

1299 2058 1350 2110 cst
1381 2064 1528 2109 excusus.
1584 2042 1623 2109 Si
1655 2045 1728 2126 quis
1757 2044 1844 2108 ultra
1874 2066 1933 2110 sex
1955 2044 2024 2109 dies
2057 2044 2098 2109 ad
2133 2056 2166 2110 te
2198 2066 2264 2128 pro·

1298 2130 1470 2209 ficiscetur‚
1500 2132 1676 2212 integrum,
1705 2138 1742 2193 ut
1771 2151 1875 2213 spero,
1906 2131 1964 2195 tibi
1994 2133 2085 2196 feret.
2130 2129 2262 2196 Duobus

1299 2217 1386 2281 enim
1408 2216 1509 2299 prelis
1530 2216 1695 2281 subiectus
1717 2219 1814 2292 est⁶)
1857 2215 1950 2294 Vale,
1972 2217 2095 2298 optime
2119 2218 2221 2282 frater
2236 2227 2263 2281 et

1298 2303 1518 2385 integerrime,
1547 2323 1621 2368 oum
1646 2299 1863 2384 Christopbcro
1889 2312 1923 2365 et
1948 2302 2081 2384 reliquis
2103 2302 2263 2369 fratribus.

1299 2388 1461 2452 Dominus
1491 2407 1549 2453 vos
1576 2399 1610 2451 et
1632 2407 1745 2469 regere
1767 2397 1800 2452 et
1822 2389 1907 2452 tueri
1931 2396 1965 2453 et
1985 2388 2178 2455 benedicere
2200 2410 2263 2473 per·

1300 2480 1364 2556 gat.
1409 2471 1525 2538 Saluta
1548 2473 1647 2537 etiam
1665 2473 1839 2556 diligenter
1860 2474 1981 2539 civium
2002 2476 2181 2557 magistros
2200 2496 2264 2540 meo

1299 2560 1431 2623 nomine
1447 2568 1481 2622 et
1498 2557 1710 2641 praelectum.
1747 2559 1854 2623 Amici
1867 2569 1901 2623 te
1918 2559 2098 2642 plurimum
2117 2562 2261 2626 salutant.

1300 2644 1459 2710 Generae
1483 2643 1636 2710 Calendis
1658 2647 1803 2728 Augusti
1829 2650 1919 2710 1557.

1752 2782 1893 2847 loannes
1916 2781 2076 2848 Calvinus
2099 2792 2185 2848 tuus.

1736 3327 1834 3397 2674.

1461 3514 1466 3526 ·
1541 3481 1776 3550 OALVINUS
1799 3484 2032 3551 ANDREAE.

1387 3650 1520 3718 Gratias
1541 3655 1608 3737 opit
1627 3655 1665 3719 de
1686 3653 1764 3720 libro
1784 3655 1846 3721 sibi
1867 3657 1962 3722 misso
1984 3679 2074 3740 qoem
2095 3666 2199 3726 tamea
2219 3669 2260 3728 at·

1293 3742 1366 3817 pote
1384 3739 1598 3820 permaaieam
1627 3739 1723 3824 tepere
1749 3744 1862 3824 aequit.
1909 3741 2008 3809 Suam
2031 3767 2105 3830 erpa
2128 3747 2260 3814 Saxones

1298 3823 1493 3888 acerbitatem
1514 3831 1649 3904 execrat,
1674 3827 1716 3892 ad
1732 3848 1843 3909 pacem
1863 3850 1896 3895 ce
1904 3849 2098 3912 propensum
2118 3836 2260 3916 affimat,

1297 3911 1478 3975 smtentiam
1494 3917 1599 3976 eontra
1619 3912 1725 3995 ipsum
1747 3914 1909 3981 Andream
1934 3915 2069 3995 fimiter
2089 3922 2223 3987 masticet.

1298 4079 1353 4144 (le
1381 4079 1444 4133 Ood.
1473 4080 1574 4134 Gener.
1599 4080 1671 4144 107⁸,
1696 4084 1741 4137 fol.
1766 4084 1824 4139 156.
1859 4088 1954 4140 Edidit
1979 4090 2049 4144 Boea
2072 4091 2139 4146 Gen.
2167 4112 2192 4163 p.
2210 4091 2262 4157 184,

1304 4149 1383 4202 Laus.
1410 4166 1436 4213 p.
1454 4147 1519 4213 395,
1544 4149 1648 4203 Hanov.
1666 4169 1694 4221 p.
1712 4151 1778 4223 442,
1804 4156 1909 4210 Ghouet
1927 4175 1952 4226 p.
1971 4157 2032 4228 249,
2056 4161 2146 4214 Amat.
2166 4181 2191 4232 p.
2209 4161 2262 4215 114.

1299 4216 1495 4286 Antograpbon
1520 4219 1592 4286 quod
1615 4219 1678 4274 stur
1725 4223 1801 4275 rdiaa
1824 4225 1852 4277 in
1877 4226 1940 4280 bibl.
1965 4230 2041 4297 regia
2064 4237 2219 4285 asservatur
2237 4233 2261 4283 in

1300 4291 1424 4363 nostrum
1441 4302 1520 4339 usum
1542 4289 1657 4342 contulit
1704 4293 1730 4344 ir
1747 4292 1817 4345 doot.
1836 4294 1867 4347 Τ.
1887 4295 1991 4363 Sehott,
2014 4299 2104 4353 editor
2122 4317 2185 4370 epp.
2204 4301 2261 4354 Ver·

1299 4355 1368 4421 gerii
1394 4354 1429 4407 ad
1456 4354 1681 4425 Ohristophorum
1706 4361 1811 4414 dueem.
1838 4392 1871 4401 —
1899 4367 2013 4433 Anglice
2040 4369 2141 4438 legitur
2168 4371 2194 4424 in
2224 4369 2261 4423 ed·

1651 4428 1753 4482 Philad.
1772 4431 1824 4484 III.
1844 4431 1918 4499 334.)

1401 4679 1431 4747 3)
1449 4682 1500 4734 Sur
1518 4699 1548 4735 oc
1566 4702 1618 4751 qne
1636 4687 1671 4738 M.
1690 4688 1783 4741 Calvin
1802 4701 1844 4742 cst
1866 4709 1900 4745 en
1923 4693 2104 4749 deliberation
2123 4699 2208 4751 daller
2223 4698 2263 4750 de·

1297 4747 1362 4829 hers
1380 4767 1396 4801 a
1414 4749 1602 4819 Neufacbtiatel
1621 4773 1636 4834 a
1654 4762 1711 4809 este
1735 4759 1779 4839 icy
1797 4761 1877 4880 pario
1900 4763 1957 4830 quil
1975 4780 1993 4832 y
2012 4782 2029 4816 a
2051 4766 2190 4820 beaucoub
2212 4767 2264 4818 det·

1297 4817 1378 4870 farrea
1396 4834 1465 4886 pour
1482 4821 1600 4890 lesqucle
1618 4825 1637 4875 ri
1655 4825 1781 4879 debvrort
1817 4845 1930 4883 emorer.
1955 4832 2084 4902 Parquoy
2098 4843 2202 4890 arrecta
2217 4850 2263 4956 que

1297 4887 1337 4939 les
1355 4887 1446 4940 Sienrs
1466 4928 1576 4944 .....
1599 4893 1644 4960 luy
1666 4902 1849 4951 remonatrent
1870 4901 1928 4951 cela
1951 4905 1981 4953 st
2004 4902 2029 4953 lo
2053 4904 2145 4972 prient
2167 4905 2200 4956 de
2240 4920 2264 4954 a·

275 4962 362 5012 capra
390 4947 507 5027 uidimus
530 4947 669 5002 Helvetios
693 4951 804 5004 Lutetia
826 4953 926 5006 abiiaee
950 4958 1102 5034 antequam,
1117 4951 1251 5008 Germani
1297 4972 1400 5008 morer:
1427 4963 1581 5013 outrement
1604 4963 1660 5030 quil
1688 4966 1740 5017 soit
1764 4983 1780 5017 a
1805 4983 1853 5019 son
1881 4968 1969 5020 choix.
2005 4971 2088 5041 (Rep.
2108 4974 2147 5027 da
2166 4971 2264 5028 Ooocet'l

275 5017 441 5067 advenerim.
466 5016 516 5075 (N.
533 5015 598 5068 2601
620 5017 653 5069 Ρ.
674 5018 715 5082 S.)
752 5019 834 5073 Patet
850 5028 940 5074 tamen
957 5022 1028 5074 bane
1045 5029 1175 5090 arreptam
1192 5039 1249 5077 erre
1304 5024 1359 5077 Vol.
1378 5023 1413 5077 53
1430 5028 1450 5089 i.
1469 5026 1543 5090 253.)

268 5090 334 5149 post
354 5083 391 5135 N.
409 5082 486 5138 2664.

274 5149 367 5204 2678.
378 5152 404 5215 1)
428 5154 565 5207 libertati.

378 5221 407 5280 2)
426 5224 459 5289 cf.
475 5226 601 5293 proxime
619 5230 768 5292 sequentem
787 5227 883 5281 Betae.

1400 5093 1431 5158 4)
1449 5095 1615 5150 dirimendos
1634 5100 1735 5168 Apapr.

1400 5161 1430 5230 5)
1453 5163 1553 5219 isitima
1576 5166 1725 5224 admonitio
1747 5172 1851 5236 prodiit
1873 5173 1914 5226 20.
1940 5176 2009 5244 Aup.
2058 5178 2126 5232 Vide
2148 5178 2265 5246 Protei.

1302 5228 1371 5298 Opp-
1390 5231 1446 5285 IX.
1462 5251 1490 5300 p.
1507 5235 1588 5301 axiij.
