4778 5888
308 326 371 392 rev
1056 316 1318 388 maronia
1339 322 1550 387 aroc-aa
1600 271 1604 275 ¹
2237 323 2295 386 rsa

308 521 436 595 quoque
455 510 641 593 Philippum
659 517 846 574 vocatuma
867 508 1014 592 principe
1031 508 1176 592 Augusto
1194 507 1276 573 elec·
1330 529 1407 572 nam
1429 529 1448 572 a
1470 509 1675 575 confessione
1692 511 1896 593 Augustana.
1929 508 1982 573 De
2003 508 2065 574 hoc
2086 507 2200 574 codem
2222 530 2296 575 con·

301 605 380 662 ’tore
397 599 452 680 qui
474 605 506 660 et
523 617 609 660 nunc
627 605 677 659 est
687 592 917 677 Landgravius
936 594 971 658 in
983 594 1115 659 Misnia.
1155 595 1277 658 Patare
1329 593 1401 658 silio
1423 595 1591 677 scripsisse
1620 594 1679 659 tibi
1700 595 1845 659 memini.
1889 594 1932 659 D.
1955 615 1976 660 a
1998 594 2106 672 Lusco,
2138 616 2216 660 mox
2242 596 2296 660 ubi

308 684 417 767 ipsum
440 681 511 746 ideo
533 704 567 746 se
589 681 697 744 vocari
719 689 756 744 ut
778 679 818 744 de
840 678 997 761 colloquio
1019 685 1149 743 ineatur
1170 679 1279 760 aliqua
1328 700 1462 761 prorsus
1473 678 1683 758 convaluerit,
1706 680 1806 744 breve
1817 681 1974 763 scriptum
1992 682 2034 762 ¹²)
2056 681 2199 745 instituit
2216 681 2297 763 quod

309 769 402 833 ratio.
1329 764 1410 828 velit
1431 766 1505 842 tibi,
1536 767 1576 830 D.
1601 765 1741 849 Martyrc'
1763 777 1796 829 et
1814 765 1856 830 D.
1880 765 2065 849 Balliapero
2092 767 2233 844 mittere,
2262 777 2298 830 ιιι

393 854 512 918 Noster
528 872 625 934 porro
644 861 775 915 senatus
796 852 943 932 impense
965 853 1075 915 favere
1093 851 1186 915 nobis
1205 871 1277 933 per·
1328 862 1436 914 vestro
1454 852 1602 915 unanimi
1621 871 1781 916 consensu
1800 851 1914 916 edatur
1933 852 1986 916 hic
2003 852 2179 917 autoritate
2197 853 2296 917 nostri

308 940 358 1021 git
385 959 444 1022 per
472 939 534 1002 Dei
564 933 828 1001 miscricordiam.
877 936 1013 1003 Utinam
1041 937 1145 1001 nostri
1173 936 1278 1001 invidi
1329 938 1547 1019 magistratus.
1592 938 1701 1020 Rogat
1732 939 1802 1019 ipse
1833 949 1869 1001 ut
1901 938 2034 1001 interim
2067 937 2165 1001 etiam
2196 937 2236 1002 de
2262 959 2297 1004 co

309 1033 342 1087 st
371 1023 520 1088 malevoli
550 1023 767 1104 quiescerent,
800 1031 858 1085 aut
886 1012 1075 1086 inveniatur
1103 1026 1186 1085 ratio
1215 1042 1278 1103 qua
1328 1023 1477 1105 cogitetis
1499 1044 1620 1098 omnes,
1649 1034 1682 1086 et
1705 1024 1744 1087 D.
1768 1023 1953 1106 Ballinpero
1974 1024 2072 1086 etiam
2095 1023 2297 1106 significetis,

307 1130 434 1192 possem
456 1109 614 1174 inoffenso
632 1108 702 1171 Deo
726 1117 758 1170 et
779 1107 891 1170 illaesa
909 1107 1043 1172 ecelesia
1065 1107 1171 1173 locum
1190 1107 1277 1172 hunc
1329 1109 1422 1172 ouius
1455 1109 1567 1172 literas
1599 1109 1732 1172 ultimas
1760 1107 1903 1173 nondum
1932 1108 2065 1191 accepit.
2109 1107 2177 1190 Qui
2200 1130 2297 1194 quum

308 1195 402 1259 alteri
432 1194 554 1258 cedere.
598 1194 691 1276 Rogo
721 1203 753 1256 te
782 1203 814 1255 et
842 1213 956 1257 omnes
985 1193 1084 1257 bonos
1113 1205 1223 1274 patres
1245 1203 1278 1256 et
1328 1204 1414 1257 esset
1425 1194 1511 1276 apud
1524 1196 1685 1277 principes
1697 1194 1774 1258 hinc
1797 1194 1842 1257 illi
1867 1207 1945 1258 sunt
1956 1196 2082 1270 missae,
2107 1193 2165 1259 sed
2187 1196 2297 1260 serius.

254 1306 256 1310 ·
307 1288 531 1363 praeceptores
552 1280 587 1342 in
610 1278 757 1355 Christo,
786 1286 822 1341 ut
844 1298 896 1342 me
918 1279 1051 1342 consilio
1073 1279 1194 1342 iuvetis
1216 1278 1278 1343 hac
1328 1280 1368 1343 D.
1393 1301 1415 1343 a
1436 1281 1536 1344 Lusco
1557 1279 1616 1343 tibi
1643 1280 1815 1362 plurimam
1844 1280 1983 1344 salutem
2006 1289 2103 1360 optat.
2147 1280 2226 1362 Ipse
2247 1302 2298 1346 co-

307 1367 342 1429 in
372 1375 472 1448 parte.
517 1365 677 1429 Dominus
706 1364 798 1428 Iesus
828 1371 861 1427 te
888 1384 948 1428 suo
977 1365 1094 1445 spiritu
1123 1373 1216 1447 regat
1245 1372 1278 1427 et
1328 1365 1413 1447 gitat
1440 1366 1517 1430 hine
1545 1376 1617 1448 post
1645 1365 1809 1430 nundinas
1826 1368 1868 1441 ¹⁸)
1899 1387 1975 1429 cum
2005 1365 2237 1431 mercatoribus
2264 1368 2296 1430 in

308 1471 406 1532 quam
436 1450 616 1515 diutissime
644 1470 721 1513 suae
751 1457 862 1513 servet
889 1449 1086 1514 ineolumem
1114 1450 1276 1515 eeclesiae.
1328 1451 1508 1515 Poloniam.
1554 1451 1697 1515 Domitia
1716 1452 1804 1515 enim
1827 1451 1920 1516 facile
1942 1452 2071 1515 extrahi
2094 1450 2229 1531 curabit,
2257 1473 2297 1517 ne

308 1537 442 1618 Raptim
464 1540 493 1601 9.
516 1536 604 1599 Iunii
631 1538 719 1596 1556.

489 1673 580 1736 'Faus
603 1671 911 1735 observantissimus
935 1669 1114 1752 discipulus
1136 1680 1169 1735 et
1191 1671 1277 1735 filius

780 1757 815 1819 in
838 1755 970 1819 Christo

960 1841 1003 1905 V.
1026 1842 1191 1906 Pollauus.

395 2048 510 2112 Mirari
538 2048 618 2112 satis
647 2067 712 2110 non
740 2067 872 2127 possum
902 2046 987 2128 quod
1014 2046 1172 2112 hacteuus
1194 2045 1278 2110 nihil

309 2133 351 2198 ad
372 2156 425 2197 me
447 2134 624 2216 scripseris.
664 2132 791 2195 Vereor
815 2153 856 2195 ne
877 2153 969 2196 meae
990 2134 1059 2196 sint
1080 2134 1278 2216 interceptae

309 2219 431 2285 hterae.
466 2220 525 2282 Bis
546 2220 581 2282 in
598 2217 754 2281 nundinis
772 2217 888 2299 scripsi
904 2221 928 2294 ⁸)
950 2225 1048 2299 atque
1069 2217 1145 2282 inde
1166 2232 1279 2300 postea

308 2306 409 2370 semel
442 2313 539 2386 atque
579 2305 707 2367 iterum.
761 2302 833 2365 Imo
871 2304 1016 2368 seniores
1055 2304 1118 2385 ipsi
1150 2324 1278 2386 quoque

309 2393 517 2473 scripserunt.
562 2388 647 2452 Nam
671 2388 829 2452 hactenus
857 2387 958 2452 dilata
984 2396 1035 2453 est
1062 2389 1175 2454 electio
1198 2390 1277 2453 alte-

308 2477 379 2540 rius
401 2474 545 2539 ministri
573 2476 609 2537 in
642 2473 746 2539 locum
769 2471 810 2536 D.
837 2473 1004 2550 Richardc',
1037 2474 1122 2556 quod
1156 2476 1213 2539 abs
1245 2485 1278 2539 te

308 2561 421 2626 literas
442 2569 667 2642 exspectamus
696 2559 735 2622 de
757 2557 800 2623 D.
828 2558 995 2625 Olbracbtc.
1012 2564 1037 2632 ⁹)
1080 2561 1193 2625 Nostri
1215 2562 1277 2638 hio,

309 2658 347 2711 ut
368 2646 472 2710 multa
499 2646 631 2730 gloriari
658 2644 766 2710 solent
793 2651 841 2708 et‘
855 2646 975 2710 iactare
1003 2645 1043 2710 de
1072 2646 1279 2729 praeiudiciis

308 2734 436 2810 vestris,
459 2732 506 2795 ita
526 2733 690 2795 affirmare
713 2730 783 2794 ausi
806 2730 938 2794 fuerunt
959 2730 1085 2796 nullum
1107 2732 1172 2797 huo
1195 2732 1278 2797 velle

309 2817 461 2883 accedere
493 2829 531 2881 ιιι
562 2837 691 2881 meeum
722 2816 811 2878 ineat
844 2817 1017 2881 ministerii
1049 2817 1147 2883 huius
1180 2820 1276 2883 vices.

309 2902 376 2969 Sed
397 2903 431 2966 id
449 2911 527 2985 puto
545 2901 657 2966 eadem
675 2900 879 2983 impudentia
894 2902 983 2985 ipsos
1000 2904 1195 2986 confingere,
1214 2925 1278 2986 qua

309 2988 431 3054 audent
453 2988 559 3053 dicere
587 2989 695 3070 ipsum
720 2987 913 3051 &ameriam
934 2997 1062 3052 tantum
1084 3009 1158 3053 mea
1179 3010 1278 3054 causa

308 3094 475 3140 recusasse
494 3073 723 3137 ministerium.
766 3073 921 3138 Attamen
948 3075 976 3137 si
998 3074 1075 3156 quid
1097 3075 1195 3140 huius
1218 3085 1277 3151 est,

308 3181 387 3244 rogo
409 3160 492 3223 mihi
513 3157 637 3223 indices
659 3166 693 3221 et
713 3157 885 3222 consilium
908 3159 974 3224 des.
1018 3160 1194 3242 Nunquam
1216 3181 1277 3243 ego

308 3246 356 3310 fui
378 3246 568 3309 ambitiosus
591 3244 763 3308 ministerii
785 3244 892 3309 huius.
906 3246 948 3324 ¹⁰)
988 3246 1034 3309 Et
1054 3245 1155 3311 velim
1179 3247 1222 3321 (si
1243 3245 1278 3309 id

307 3333 429 3413 possim
450 3330 609 3395 inoffenso
631 3330 717 3403 Deo)
739 3329 824 3394 hanc
849 3329 1002 3413 lampada
1023 3331 1117 3395 alteri
1139 3331 1277 3396 tradere.

308 3417 403 3501 Rogo
425 3426 458 3479 te
481 3428 578 3498 atque
599 3415 742 3479 obtestor
763 3435 822 3496 per
841 3414 1011 3480 Christum
1030 3426 1068 3480 ut
1089 3417 1176 3497 clarc
1197 3417 1279 3481 mihi

308 3503 508 3566 sententiam
536 3500 734 3582 perscribas,
755 3521 830 3583 ·qua
859 3502 986 3566 ratione
1019 3504 1138 3584 possim
1173 3503 1278 3567 locum

309 3587 399 3653 hunc
422 3587 515 3651 alteri
543 3585 664 3650 cedere.
708 3586 874 3651 Ecclesiae
903 3597 1031 3651 tantum
1055 3588 1158 3652 habeo
1182 3588 1279 3651 ratio-

308 3694 396 3751 nem,
430 3673 522 3737 testis
555 3684 605 3736 est
637 3672 721 3734 mihi
749 3673 842 3736 Deus
874 3674 926 3736 cui
959 3694 1019 3757 ego
1052 3675 1166 3739 servio.
1212 3672 1279 3740 Sed

308 3758 405 3823 video
427 3757 552 3822 nullam
576 3758 652 3822 huic
681 3757 834 3822 ecclesiae
861 3761 984 3840 sperari
1012 3779 1123 3841 pacem
1146 3759 1279 3825 abistis

309 3843 496 3908 hominibus
523 3863 633 3925 posse,
667 3843 731 3908 nisi
760 3853 818 3907 aut
843 3864 904 3928 ego
932 3844 1044 3910 cedam
1067 3854 1124 3909 aut
1146 3866 1166 3909 a
1187 3845 1279 3910 vobis

309 3941 563 4012 compescantur.

394 4014 505 4094 Quum
535 4015 616 4079 haec
643 4013 740 4078 hodie
768 4035 963 4097 exponerem
984 4014 1028 4079 D.
1050 4036 1072 4080 o
1094 4016 1194 4080 Lusco
1221 4015 1278 4079 tibi

309 4100 440 4182 scripta,
458 4102 554 4165 iussit
572 4100 672 4164 etiam
690 4099 764 4163 addi
782 4111 936 4182 nepotem
953 4122 1057 4179 suum,
1075 4102 1131 4182 qui
1149 4122 1279 4167 mensae

309 4187 417 4268 regiae
439 4198 490 4250 est
511 4186 689 4250 instructor
706 4193 740 4250 et
756 4187 813 4267 qui
831 4194 880 4250 est
892 4187 976 4270 Regi
998 4186 1279 4266 familiarissimus,

308 4271 476 4353 scripsisse
498 4272 540 4336 ad
562 4292 597 4335 sc
620 4271 783 4352 privatim,
805 4270 866 4336 hoc
888 4272 991 4355 Regis
1013 4292 1084 4336 esse
1106 4273 1278 4338 consilium

307 4365 345 4419 ut
373 4359 561 4440 priusquam
591 4377 629 4421 eo
658 4357 899 4438 proficiscatur,
933 4357 1062 4439 pubhco
1094 4360 1216 4441 scripto
1244 4380 1279 4422 se

308 4450 439 4526 purget,
453 4445 494 4520 ¹¹)
525 4443 703 4508 doctrinam
732 4440 772 4507 de
799 4441 996 4508 eucharistia
1023 4465 1088 4508 non
1110 4465 1181 4510 esse
1203 4444 1280 4508 alie·

332 4819 338 4830 θ
410 4748 440 4816 8)
458 4747 526 4803 Non
548 4753 656 4803 acuam
678 4747 772 4802 literae
795 4763 865 4818 qaas
889 4748 1019 4803 calciam
1040 4751 1128 4804 serius
1145 4751 1279 4818 occepisse

308 4818 441 4950 memb)
461 4883 506 4938 De
515 4885 671 4939 Holbracto
687 4891 712 4939 et
724 4883 861 4939 Garama
872 4885 934 4940 vide
948 4886 1074 4955 proxime
1088 4887 1278 4955 mocaederrtea

312 4953 423 5007 Galeam*
438 4953 476 5007 ad
493 4952 641 5008 Farellam.

396 5021 441 5087 10)
461 5021 522 5076 Ιαιιι
539 5022 598 5090 ipae
613 5023 738 5092 intelligit
754 5023 809 5078 rai
823 5039 856 5077 ec
871 5038 904 5078 eo
921 5022 1032 5078 ccclesia
1049 5024 1196 5079 cedendam
1213 5041 1278 5090 crac,

310 5089 389 5144 cuias
402 5105 497 5171 ραισιιι
514 5092 576 5172 ipre.
592 5093 700 5147 ineam
723 5093 891 5162 turbaverat,
914 5109 971 5148 aon
993 5098 1048 5148 tom
1071 5095 1137 5148 υιίιο
1159 5096 1277 5165 quodam

309 5160 619 5294 wml¹dlwgmde
635 5242 721 5283 roasa
737 5229 896 5298 maceniam
914 5243 974 5283 cm
991 5227 1107 5286 armo
1122 5232 1242 5300 carpebat.

1329 1537 1512 1600 habeantur
1544 1538 1732 1618 priusquam
1766 1541 1892 1618 quam*
1924 1538 1992 1619 ipse
2023 1538 2167 1613 venerit,
2204 1548 2297 1620 atquo

1328 1623 1425 1685 etiam
1460 1635 1494 1685 tu
1528 1643 1601 1686 cum
1640 1622 1731 1687 Petro
1757 1622 1899 1705 Martyre
1931 1621 2053 1685 adsitis.
2097 1622 2236 1688 Utinam
2267 1633 2297 1688 te

1328 1709 1489 1789 possimus
1517 1708 1570 1773 hic
1600 1706 1640 1771 ad
1668 1707 1831 1772 nundinas
1858 1707 1978 1772 videre.
2025 1710 2187 1773 Dominus
2206 1709 2296 1775 Iesus

1330 1794 1411 1857 faxit
1431 1795 1487 1876 qui
1509 1806 1542 1857 te
1565 1794 1708 1875 sospitet.
1758 1801 1803 1858 ll.
1826 1794 1916 1858 Iunii
1944 1798 2032 1857 1556.

1513 1932 1604 1994 Tuus
1627 1929 1936 1995 observantissimus
1958 1930 2138 2014 discipulus
2159 1939 2193 1995 et
2213 1931 2295 1996 filius

1801 2017 1836 2080 iu
1859 2016 1993 2080 Christo

1980 2100 2022 2166 V.
2044 2101 2214 2167 Pollauus.

1765 2715 1864 2785 2475.

1367 2868 1369 2871 ’
1417 2869 1687 2936 VERGERIUS
1707 2870 1820 2935 DUOI
1842 2868 2215 2937 CHRISTOPHORO.

1416 3040 1561 3105 Naaciat
1585 3061 1619 3105 se
1648 3041 1691 3105 ad
1719 3043 1777 3107 iter
1797 3043 1830 3105 ia
1856 3042 2019 3108 Pelopiam
2033 3049 2198 3125 paratam
2220 3044 2293 3108 aad

1329 3126 1406 3206 qaid
1435 3128 1507 3190 novi
1533 3128 1682 3208 acceperit
1708 3128 1850 3192 desasto
1880 3133 2034 3193 reramet
2067 3129 2293 3211 reserationis

1329 3211 1387 3276 boc
1407 3212 1563 3278 occmione
1579 3213 1710 3294 profert.

1330 3381 1426 3443 (Edita
1449 3387 1491 3435 ast
1513 3383 1541 3435 in
1566 3383 1674 3446 habret,
1703 3384 1855 3506 Magusum
1874 3384 2014 3438 Gabi-auch
2038 3385 2087 3438 der
2110 3386 2223 3441 Staaten
2247 3386 2295 3440 und

1329 3450 1612 3516 Kirchcngeschichtc.
1641 3450 1717 3507 1773.
1818 3452 1870 3506 550
1894 3464 1920 3507 et
1947 3455 1975 3506 in
1996 3454 2121 3523 Vergerii
2148 3457 2217 3526 app.
2240 3455 2295 3509 edd.

1456 3520 1573 3572 Kansler
1591 3525 1619 3572 et
1636 3520 1737 3574 Schott.
1756 3539 1782 3590 p.
1803 3521 1862 3584 129,
1880 3539 1913 3575 ex
1932 3523 2040 3576 Archiv.
2059 3523 2177 3594 Stuttg.)

1414 3691 1525 3771 Quum
1546 3694 1708 3757 venissem
1726 3694 2002 3771 Francofordiam
2025 3696 2137 3760 inveni
2159 3696 2295 3779 peculia·

1329 3796 1399 3840 rem
1428 3778 1469 3841 D.
1494 3800 1515 3841 a
1548 3778 1648 3844 Losco
1682 3780 1848 3857 nuncium,
1872 3782 1927 3862 qui
1949 3802 1967 3845 e
1989 3780 2128 3846 Polonia
2150 3780 2294 3847 redierat

1330 3861 1443 3941 Quare
1465 3885 1567 3944 quum
1590 3864 1712 3947 aliquid
1734 3865 1812 3930 inde
1834 3867 1957 3944 afferat,
1981 3867 2066 3949 quod
2085 3868 2170 3932 mihi
2192 3867 2295 3933 videa·

1329 3956 1385 4011 tur
1395 3949 1437 4012 V.
1456 3948 1541 4013 (lels.
1561 3949 1695 4032 dignum
1718 3951 1752 4015 id
1770 3953 1883 4035 putavi
1906 3974 1925 4015 a
1946 3972 1999 4016 me
2022 3953 2118 4018 scribi
2140 3964 2295 4037 oportere

1329 4033 1405 4097 Rex
1436 4034 1492 4098 ille
1526 4035 1615 4098 misit
1647 4057 1722 4101 suos
1761 4037 1885 4120 legatos
1920 4039 2059 4102 Romam
2097 4041 2295 4116 nunciatum,

1329 4120 1414 4184 sitne
1437 4120 1506 4183 ulla
1527 4141 1601 4202 spes
1624 4121 1663 4185 de
1685 4123 1863 4188 universali
1884 4124 2029 4189 concilio.
2073 4123 2157 4189 Nam
2180 4127 2211 4191 si
2228 4147 2296 4208 spes

1330 4205 1381 4283 sit,
1405 4227 1439 4269 sc
1458 4204 1543 4270 velle
1562 4206 1651 4270 illius
1663 4206 1857 4274 decisionem
1869 4219 2066 4292 exspectare,
2090 4211 2216 4276 sivero
2233 4232 2296 4276 nou

1330 4292 1382 4367 sit,
1416 4312 1451 4355 se
1484 4293 1556 4373 cogi
1589 4293 1788 4373 provinciale
1821 4295 1993 4373 celebrare,
2016 4295 2056 4359 ad
2078 4296 2164 4379 quod
2182 4317 2295 4381 papam

1328 4375 1489 4448 hortatur.
1512 4387 1548 4440 ut
1565 4399 1640 4442 suos
1662 4379 1830 4464 theologos
1848 4380 1889 4444 ad
1911 4381 2154 4448 Bartholomaei
2179 4385 2295 4448 festum

1329 4463 1447 4541 mittat,
1480 4471 1561 4529 tune
1593 4464 1680 4528 enim
1703 4465 1898 4531 celebranda
1925 4478 2003 4532 sunt
2035 4469 2130 4551 regni
2159 4471 2294 4535 comitia

1328 4547 1476 4612 Barones
1499 4555 1531 4612 et
1552 4550 1685 4629 nobiles,
1709 4552 1783 4632 quia
1805 4550 1844 4617 de
1866 4553 2047 4619 universali
2069 4553 2246 4637 desperant
2265 4561 2296 4619 et

1329 4633 1494 4698 nationale
1516 4645 1650 4716 sperant
1671 4638 1851 4715 concilium,
1877 4648 2047 4704 accersunt
2067 4641 2104 4704 in
2125 4640 2294 4706 Poloniam

1328 4719 1371 4784 D.
1405 4741 1427 4783 o
1456 4720 1556 4786 Lacca
1588 4731 1622 4785 et
1653 4722 1695 4786 D.
1720 4721 1893 4788 Calvinum.
1933 4725 2064 4791 Interea
2084 4747 2145 4791 rex
2167 4726 2294 4793 videtur

1327 4806 1489 4883 resistere,
1533 4806 1703 4889 potiusque
1743 4808 1852 4875 favere
1891 4810 2187 4892 reformationibus,
2216 4831 2293 4896 quac

1412 5095 1694 5164 lacescamus
1712 5105 1796 5169 pota,
1818 5100 1893 5169 quod
1914 5107 2006 5156 tameo
2028 5118 2084 5157 eon
2106 5107 2291 5160 mmm

1323 5165 1412 5232 faisse
1427 5166 1542 5221 videtur.

1413 5233 1459 5302 13)
1475 5234 1653 5290 commacla.
