4688 5910
100 308 161 370 73⁷
421 259 428 276 ’
951 251 1298 414 ltetnllbllhffl.»
1637 303 1641 310 “
1761 326 1766 337 ·
1917 310 1920 315 ’
2040 268 2249 382 rsa'

98 494 275 560 cultatibus
305 500 338 557 et
367 491 461 556 annis
488 492 555 556 iam
576 484 726 575 pluribus
747 486 844 557 etiam
868 513 927 576 per
948 492 1074 577 simpli-
1126 493 1207 560 dum
1230 494 1302 559 eius
1327 493 1439 562 habita
1467 501 1519 562 est
1542 498 1626 562 ratio
1651 518 1749 582 quam
1783 498 1887 583 ipsius
1903 504 2103 570 sacrosancti
2205 521 2210 538 ’

98 600 152 647 ces
173 585 289 645 contra
309 578 555 646 versutissimus
575 575 707 644 fortiter
728 577 920 645 defendisse.
960 579 1075 646 Parati
1126 579 1289 662 evangelii
1309 579 1387 648 Iesu
1410 580 1544 660 (lhristi,
1574 582 1656 651 adeo
1678 585 1793 668 utqui
1813 586 1920 668 ipsam
1941 589 1978 652 iu
1994 591 2101 659 omni·

99 685 214 731 sumus
235 684 315 764 ergo
336 661 517 730 secundom
543 671 755 762 praeceptum
787 663 923 746 apostoli
945 665 1075 733 unicui·
1126 665 1187 730 bus
1203 684 1272 731 non
1294 677 1450 750 agnoscat
1472 675 1574 751 atque
1595 669 1740 752 recipiat,
1762 670 1840 736 licet
1861 671 1956 754 plene
1978 682 2012 738 et
2032 676 2102 742 sin-

99 772 163 836 que
190 759 351 815 rationem
369 747 518 814 <·rsddere
547 768 619 813 eius
640 770 724 832 quae
745 751 780 813 in
802 750 896 817 nobis
918 760 968 816 est
989 750 1075 818 fidei.
1124 771 1199 816 cere
1232 753 1456 836 evangelicam
1488 753 1587 820 fidem
1617 755 1889 840 apostolicamque
1916 757 2101 826 doctrinam

98 838 214 921 Neque
253 837 466 902 abhorremus
498 855 578 900 sane
613 855 634 898 a
658 833 831 901 concordia
857 850 971 902 sancta
999 856 1075 903 oum
1124 838 1328 920 profiteatur,
1350 838 1515 904 nihildum
1539 849 1652 906 tamm
1676 861 1776 908 sanae
1797 841 1966 909 doctrinae
1986 845 2100 912 ridea-

97 925 140 989 iis
161 924 217 1005 qui
238 921 380 987 eundem
403 919 572 986 nobiscum
589 918 760 986 Ohristum
778 922 981 1001 confitentur,
1004 924 1074 990 sive
1125 930 1183 987 tur
1204 943 1381 1007 agnoscere
1407 946 1446 990 ac
1466 925 1635 1009 recepisse.
1681 925 1778 993 Unde
1799 927 1864 993 iam
1882 949 1953 995 non
1975 929 2042 997 leri
2059 931 2101 998 de

97 1010 248 1076 Saxone
268 1011 335 1074 sint
356 1005 557 1106 sivessuevi.
593 1004 749 1073 Christus
770 1008 857 1072 enim
878 1029 940 1074 nos
961 1029 1074 1075 omnes
1125 1028 1224 1074 causa
1245 1030 1404 1085 veremur,
1428 1011 1556 1076 efflemsi
1570 1013 1723 1080 veniatur
1740 1011 1782 1078 ad
1798 1013 2005 1098 colloquium,
2023 1037 2100 1100 ops-

98 1099 134 1162 in
154 1117 259 1161 unum
291 1102 455 1177 compefflt
471 1112 599 1175 corpus,
621 1112 747 1176 suoque
768 1094 903 1159 nominc
924 1097 1073 1161 sacratis·
1125 1115 1197 1159 ram
1233 1094 1328 1170 nobis
1361 1106 1396 1160 et
1430 1097 1613 1179 impensam
1648 1099 1782 1180 periisse
1810 1099 1876 1166 nisi
1902 1100 2100 1168 confessioni

98 1184 181 1250 simo
203 1180 378 1257 decorarit,
400 1199 506 1262 neque
528 1176 616 1243 aliud
633 1180 769 1262 requirit
790 1201 810 1243 a
831 1180 925 1246 nobis
946 1181 1074 1263 impcn-
1125 1182 1341 1264 Augustanus
1361 1201 1422 1264 per
1453 1183 1564 1248 omnia
1585 1193 1619 1247 et
1640 1194 1718 1248 ante
1739 1186 1850 1249 omnia
1869 1185 2101 1271 subscripseri-

98 1269 169 1334 sius
196 1285 293 1351 quam
327 1265 497 1331 caritatem
521 1272 670 1329 mutuam
699 1276 734 1329 et
753 1264 960 1332 concordiam
981 1286 1074 1333 sanc-
1126 1287 1209 1332 musi
1253 1266 1368 1349 Neque
1392 1287 1471 1333 vero
1502 1268 1583 1333 haec
1600 1268 1674 1334 idco
1696 1268 1886 1336 adducimus
1907 1272 1995 1355 quod
2019 1292 2100 1338 con·

98 1362 175 1419 tam.
220 1351 357 1417 Interim
386 1372 453 1416 non
475 1351 625 1434 quamvis
649 1352 835 1435 appetimus
856 1353 1079 1430 concordiam,
1124 1351 1298 1417 fossionem
1322 1356 1545 1436 Augustanam
1567 1375 1703 1437 prorsus
1716 1356 1912 1434 reficiamus,
1933 1358 2100 1441 sedquod,

100 1439 158 1506 sed
186 1437 383 1523 religiosam,
410 1436 621 1513 moderatam,
648 1435 794 1520 nihilque
823 1458 898 1502 cum
925 1439 1075 1504 confessa
1125 1457 1227 1519 quum
1254 1446 1303 1503 tot
1335 1438 1454 1521 ubique
1481 1459 1540 1522 per
1561 1440 1673 1505 orbem
1700 1438 1866 1523 dispersae
1883 1443 1949 1507 sint
1971 1442 2099 1509 (lhristi

98 1525 259 1592 hactenus
281 1525 420 1588 veritate
441 1523 569 1588 sincera
586 1532 797 1605 pugnantem,
820 1522 906 1588 nihil
927 1525 1074 1590 obscuri-
1125 1522 1288 1599 ecclesiae,
1315 1544 1399 1607 quae
1427 1526 1463 1589 in
1492 1525 1686 1608 quibusdam
1713 1526 1895 1610 simplicius
1923 1539 1957 1592 et
1982 1531 2099 1613 purius

99 1612 177 1677 tatis
200 1618 257 1674 aut
274 1607 364 1675 dubii
392 1609 426 1672 in
454 1608 663 1672 manifestam
684 1607 789 1673 lucem
811 1616 844 1673 et
865 1613 1074 1692 perspicuam
1124 1609 1281 1686 sentiunt,
1310 1630 1407 1692 quam
1434 1611 1470 1674 in
1500 1610 1566 1688 illa,
1584 1621 1684 1694 prout
1704 1619 1785 1676 tunc
1805 1633 1906 1695 quum
1928 1633 1967 1681 ea
1988 1615 2098 1681 edere-

99 1697 281 1763 doctrinam
318 1695 523 1769 inferentem,
564 1714 648 1777 quae
686 1704 818 1777 propter
851 1696 1074 1761 sinceritatem
1124 1703 1179 1758 tur
1190 1707 1286 1760 erant
1307 1706 1464 1779 tempora,
1481 1696 1640 1761 traditum
1652 1705 1711 1762 aut
1721 1696 1932 1780 professum*
1953 1701 2097 1785 reperia-

99 1785 144 1848 sit
163 1782 346 1847 communis
379 1790 412 1844 et
433 1787 528 1863 grata
549 1780 612 1862 piis
633 1780 794 1856 omnibus,
817 1778 974 1871 diuturna
994 1783 1074 1847 item
1125 1788 1188 1857 tur,
1210 1781 1267 1846 isti
1296 1789 1407 1847 tamen
1435 1782 1585 1848 homines
1606 1781 1822 1848 nihilominus
1842 1794 1987 1867 pergunt
2003 1808 2098 1852 suam

99 1878 135 1934 et
154 1868 291 1939 stabilis,
318 1886 465 1950 quaeque
488 1865 581 1930 nulla
601 1885 688 1929 nova
708 1873 842 1948 spargat
863 1868 961 1931 noris
978 1866 1094 1933 dissi-⁸
1123 1865 1216 1930 illam
1242 1867 1393 1934 omnibus
1419 1867 1553 1933 iniicere
1582 1874 1617 1934 et
1636 1870 1816 1952 praefigere
1844 1880 1998 1952 tanquam
2022 1873 2098 1936 uni·

98 1953 162 2019 diis
182 1953 352 2037 principia
398 1953 488 2034 Ergo
509 1972 576 2015 non
596 1951 707 2032 inique
728 1952 820 2029 feres,
843 1952 872 2017 si
894 1951 948 2016 hic
968 1953 1073 2036 expli·
1123 1969 1196 2015 cam
1217 1962 1252 2016 et
1262 1952 1529 2034 perfectissimam
1547 1953 1623 2019 fidei
1640 1954 1798 2039 regulam,
1819 1974 1918 2037 quam
1938 1957 2004 2022 nisi
2025 1959 2098 2040 quis

97 2041 294 2117 caverimus,
317 2059 398 2122 quae
415 2058 475 2102 nos
491 2035 665 2119 impeditos
687 2047 828 2113 uncant,
850 2036 934 2102 adde
955 2047 988 2101 et
1009 2038 1073 2104 sol·
1123 2045 1279 2118 sequatur
1299 2039 1336 2102 in
1357 2038 1509 2105 omnibus
1529 2038 1686 2123 indignus
1703 2040 1746 2105 sit
1767 2041 1929 2106 consortio
1951 2045 2098 2126 corporis

97 2127 213 2205 licitos,
242 2145 307 2209 quo
328 2122 500 2190 credamus
531 2122 699 2187 difficilius
722 2143 780 2204 per
800 2123 997 2207 colloquium
1019 2146 1072 2189 sa·
1123 2122 1260 2188 christi.
1303 2125 1350 2187 Et
1371 2123 1512 2206 quidem,
1540 2134 1579 2188 nt
1602 2124 1810 2191 difficillimos
1835 2125 1892 2190 isti
1918 2147 1989 2193 sese
2010 2148 2097 2194 sem·

97 2212 205 2278 lutare
226 2212 344 2294 alioqui
368 2210 537 2293 negotium
564 2208 753 2273 concordiae
771 2207 923 2291 expedite
945 2220 979 2274 et
1000 2208 1072 2275 feli·
1122 2228 1183 2291 per
1211 2206 1431 2291 praebuerunt
1459 2209 1502 2275 ad
1530 2209 1703 2293 colloquia,
1734 2212 1782 2274 ita
1807 2210 1954 2294 plerique
1982 2233 2097 2278 eorum

98 2298 181 2364 citer
202 2296 353 2381 progredi
375 2315 479 2379 posse.
1123 2314 1190 2358 non
1212 2294 1274 2359 hoc
1296 2303 1443 2377 spectare
1460 2293 1616 2361 ridentur
1632 2304 1670 2361 ut
1693 2298 1796 2361 amice
1814 2305 1847 2361 et
1868 2298 2003 2381 pacifice
2020 2319 2098 2365 con·

184 2384 298 2467 Neque
320 2390 431 2466 tamen
453 2382 534 2447 haec
556 2402 672 2446 rursus
693 2400 883 2462 aqucquam
907 2402 945 2446 eo
966 2381 1072 2466 abripi
1121 2380 1255 2457 feratur,
1281 2379 1398 2446 deinde
1424 2379 1515 2447 locus
1536 2381 1733 2447 concedatur
1753 2384 1875 2463 absque
1896 2383 2095 2466 praeiudicio

98 2469 219 2534 debent
251 2470 343 2552 quasi
371 2469 449 2533 totis
481 2468 600 2532 animis
628 2486 702 2531 cum
719 2463 876 2531 fratribus
898 2469 1071 2532 confessio·
1124 2466 1265 2540 veritati
1289 2467 1346 2531 sed
1368 2476 1406 2531 ut
1426 2467 1475 2530 illi
1498 2468 1613 2533 vicisse
1635 2469 1745 2550 potius
1762 2466 1936 2533 rideantur
1956 2488 2096 2552 semper,

97 2575 176 2619 nem
209 2559 437 2638 augustanam
471 2552 692 2635 sequentibus,
720 2572 794 2616 oum
814 2552 932 2634 quibus
954 2553 1072 2620 hucus·
1123 2571 1184 2615 nos
1213 2558 1323 2616 autem
1352 2552 1619 2617 abstrahamura
1640 2553 1737 2618 claris
1755 2553 1797 2617 ad
1818 2551 1964 2632 obscura,
1987 2576 2008 2619 a
2029 2574 2098 2620 cer-

97 2662 162 2791 aue
178 2643 216 2705 in
242 2639 435 2724 quibusdam
462 2636 609 2704 nondum
641 2639 817 2703 convenire
838 2640 953 2721 potuit,
976 2637 1072 2705 dissi-
1124 2637 1166 2701 tis
1189 2636 1230 2701 ad
1249 2636 1356 2716 dubia,
1379 2659 1400 2702 a
1417 2636 1549 2703 disertis
1562 2637 1604 2703 ad
1625 2640 1765 2721 impexa,
1786 2638 1931 2722 adeoque
1948 2661 1969 2705 a
1985 2650 2099 2706 nostra

121 2747 233 2792 comm
260 2724 518 2810 implacabiliter,
547 2734 606 2790 aut
633 2720 719 2805 quod
751 2723 839 2804 ipsos
860 2724 1071 2807 ipsorumque
1123 2723 1287 2787 sentent-ia
1316 2724 1350 2786 in
1385 2724 1529 2805 ipsorum
1568 2724 1764 2804 opinionem.
1808 2724 1944 2790 Etenim
1975 2727 2099 2792 iactant

97 2811 249 2879 ecclesias
277 2822 310 2878 et
339 2810 413 2876 odic
440 2830 676 2894 prosequamur
699 2815 733 2872 et
753 2808 896 2874 odiosius
918 2809 1070 2875 condem·
1123 2807 1222 2871 nimis
1244 2807 1431 2886 insolenter,
1455 2829 1550 2874 suam
1576 2808 1665 2873 illam
1697 2808 1878 2874 doctrinam
1899 2809 2003 2875 selam
2025 2831 2097 2877 csse

96 2918 224 2977 nemus,
245 2909 304 2962 aut
324 2896 366 2963 ab
387 2898 477 2961 omni
499 2916 632 2979 prorsus
644 2894 803 2977 colloquio
825 2894 1069 2962 abhorreamus.
1123 2894 1293 2968 sinceram,
1316 2892 1453 2976 ideoque
1474 2902 1589 2959 conha
1606 2892 1843 2960 Schuermeros
1864 2903 1898 2961 et
1915 2897 2096 2962 inferorum

97 2983 206 3068 Saepe
228 2984 308 3048 alias
337 2984 448 3048 testati
476 3002 590 3047 sumus
614 2991 815 3064 quantopere
842 2980 935 3046 nobis
963 2982 1072 3048 doleat
1121 2988 1233 3061 portas
1254 2979 1543 3060 triumphaturam.

97 3069 214 3136 infelix
242 3071 303 3135 hoc
327 3067 516 3146 dissidium,
542 3077 576 3131 et
604 3067 719 3149 quanti
743 3067 824 3131 alias
851 3076 946 3132 extra
973 3069 1070 3133 istam
1209 3063 1284 3145 Quo
1323 3066 1423 3130 etiam
1454 3066 1599 3147 pertinet
1633 3063 1720 3146 qued
1752 3072 1826 3148 post
1856 3074 1906 3131 tot
1937 3087 2040 3134 annos
2061 3076 2097 3132 et

97 3164 243 3221 nostram
274 3155 530 3221 conhorersiam
558 3153 716 3218 faciamus
748 3154 866 3217 fratres
894 3152 968 3218 illos
997 3174 1071 3220 nos-
1122 3160 1250 3215 tantam
1282 3151 1431 3216 veritatis
1457 3151 1564 3216 lucem
1593 3160 1749 3232 tantaque
1777 3149 1842 3215 fide
1870 3158 1905 3215 et
1949 3151 1981 3165 ‘⁶
2027 3155 2097 3218 ntia

96 3251 174 3318 tros,
196 3262 334 3324 quorum
356 3252 467 3305 tamen
488 3239 589 3322 aliqui
606 3258 667 3302 nos
689 3257 749 3319 pro
771 3238 928 3304 fratribus
949 3240 1071 3305 habere
1122 3236 1277 3320 dogmata
1298 3236 1445 3302 decussa
1465 3256 1634 3319 nunquam
1655 3255 1767 3300 rarum
1789 3255 1924 3301 suarum
1945 3257 1986 3302 ve
2020 3259 2096 3303 ver·

96 3326 325 3413 dedignantur.
380 3325 522 3392 Proinde
565 3345 647 3407 quae
689 3324 743 3388 hic
779 3344 1071 3391 commemoramus
1123 3320 1200 3386 bum
1228 3331 1357 3387 mutare
1383 3331 1441 3387 aut
1468 3319 1668 3387 commodius
1694 3321 1840 3403 proferre
1861 3320 1987 3403 dignati
2007 3334 2095 3401 sunt,

96 3413 163 3479 buc
184 3414 390 3497 potissimum
417 3413 584 3496 pertinent
604 3409 691 3492 quod
710 3430 779 3475 nen
797 3411 920 3493 absque
942 3413 1070 3495 magnis
1121 3407 1243 3473 nedum
1277 3427 1404 3473 errores
1429 3407 1556 3491 aliquot
1594 3426 1771 3490 agnoscere
1798 3416 1894 3490 atque
1923 3407 2095 3491 deponere.

96 3499 276 3581 multisque
297 3499 405 3564 causis
427 3498 612 3573 metuimus,
640 3497 870 3562 minimorum
892 3496 1002 3562 fructu
1020 3499 1071 3561 in·
1121 3492 1249 3574 Quibus
1274 3493 1434 3558 adiiciunt
1459 3493 1547 3558 nolle
1574 3513 1610 3558 se
1636 3491 1731 3558 nobis
1758 3492 1810 3558 vel
1843 3491 1950 3576 pilum
1969 3492 2094 3573 cedere,

96 3584 264 3650 stituenda
298 3586 367 3650 fore
402 3583 571 3666 colloquia,
605 3591 641 3646 ut
670 3601 753 3664 quae
778 3582 837 3646 rix
866 3603 942 3646 eum
970 3584 1070 3648 tinem
1121 3587 1178 3644 aut
1210 3579 1378 3645 tantillum
1411 3579 1497 3644 dare.
1553 3579 1669 3662 Neque
1700 3597 1780 3643 vero
1808 3577 1903 3643 aliter
1935 3599 1971 3643 sc
1999 3599 2095 3661 posse

96 3672 226 3753 assequi
254 3691 347 3754 posse
376 3669 549 3735 videantur
577 3666 619 3733 ad
648 3688 745 3750 quem
768 3669 929 3749 attingere
951 3668 1069 3734 debue-
1121 3675 1180 3730 aut
1201 3663 1287 3728 velle
1307 3686 1383 3730 cum
1409 3664 1638 3730 Schuermeris
1668 3684 1774 3748 agere.
1818 3663 1917 3729 (lette
1938 3673 2014 3729 ante
2037 3685 2095 3730 an-

97 3768 183 3836 rant,
212 3757 361 3840 quodque
389 3763 457 3821 toto
487 3763 617 3838 pectore
646 3753 755 3818 careri
784 3752 890 3818 modis
918 3754 1070 3820 omnibus
1120 3771 1181 3817 nos
1213 3752 1334 3834 viginti
1363 3752 1628 3834 conscripserant
1655 3751 1690 3813 in
1718 3748 1843 3833 synodo
1864 3749 2015 3815 Basilcae
2036 3751 2096 3815 mi-

98 3851 258 3927 optamus,
280 3863 322 3908 ne
339 3840 416 3925 quid
434 3842 537 3906 nimio
555 3839 777 3905 consensionis
794 3837 903 3903 studio
920 3840 1069 3904 commit·
1119 3837 1214 3902 nistri
1243 3835 1492 3903 Helveticarum
1520 3836 1731 3902 ecclesiarum
1760 3835 1994 3900 confessionem
2016 3833 2095 3902 fidei

96 3937 187 3993 tatur
215 3930 308 4000 cuius
340 3936 452 4010 postea
480 3927 653 4011 poeniteat,
685 3926 762 3990 dum
787 3922 939 3990 videlicet
960 3925 1069 4009 indig·
1119 3942 1218 3988 suae:
1240 3943 1323 4005 quae
1344 3923 1481 3986 recitata
1508 3921 1626 3987 deinde
1647 3941 1756 3986 coram
1777 3919 1929 3985 omnibus
1949 3920 2095 3987 ecclesiis

95 4017 170 4079 nari
192 4022 226 4078 et
242 4014 410 4079 nobiscum
444 4011 600 4077 dissidere
621 4012 783 4095 incipiunt
806 4011 921 4092 optimi
949 4013 1069 4094 quique
1119 4008 1301 4074 Helveticis
1329 4007 1532 4075 concorditer
1564 4016 1615 4071 est
1640 4007 1753 4090 agnita
1781 4017 1878 4088 atque
1905 4004 2093 4087 approbata.

97 4122 138 4165 ex
162 4101 299 4184 Anglia,
323 4098 449 4175 Gallia,
479 4097 594 4176 ltalia,
625 4098 762 4180 aliisque
785 4096 972 4162 nationibus
995 4097 1068 4162 lnce
1120 4094 1246 4159 Eadem
1270 4094 1328 4158 illa
1355 4114 1413 4175 per
1441 4091 1484 4157 D.
1509 4093 1669 4157 Raecium
1696 4102 1730 4156 et
1759 4089 1948 4171 Capitonem
1975 4093 2031 4174 qui
2059 4102 2094 4158 et

94 4187 248 4252 raritatis
269 4186 452 4251 illustratis.
837 4255 840 4257 ,
1118 4181 1181 4262 ipsi
1203 4178 1340 4243 eandem
1364 4178 1597 4262 approbabant,
1619 4178 1661 4241 D.
1685 4175 1823 4241 Latmo
1845 4185 1879 4239 et
1899 4179 2093 4261 symmystis

180 4273 279 4338 Oerte
308 4270 403 4336 nobis
431 4268 577 4335 nondum
604 4277 655 4334 est
679 4289 873 4350 persuasum
899 4267 1068 4350 colloquiis
1119 4267 1191 4331 eius
1213 4270 1247 4330 in
1269 4264 1428 4347 colloquio
1445 4264 1691 4347 Witebergensi
1707 4260 1822 4338 oblata,
1845 4258 2000 4326 damnata
2021 4265 2093 4345 qui·

94 4379 156 4423 nos
176 4368 391 4441 perventuros
408 4356 450 4421 ad
471 4355 687 4433 concordiam,
709 4363 765 4418 aut
786 4354 981 4436 colloquium
993 4375 1068 4420 cum
1119 4350 1263 4416 demant
1285 4352 1484 4416 reiectanea
1505 4350 1576 4415 fuit.
1607 4347 1675 4414 Sed
1686 4345 1888 4429 postulatum
1909 4347 2094 4413 interimat

93 4445 167 4510 istis
189 4442 376 4509 hominibus
398 4443 531 4508 unicum
557 4440 649 4506 illam
676 4461 747 4505 esse
775 4441 943 4522 viamque
965 4438 1067 4505 disce-
1119 4438 1373 4520 approbaremus
1394 4436 1626 4519 Augustanam
1643 4433 1888 4509 confessionem,
1910 4453 1973 4515 quo
1995 4454 2037 4499 ax
2054 4455 2094 4499 ea

94 4529 193 4595 datur
222 4553 242 4595 a
270 4529 440 4603 discordia,
473 4529 535 4592 nisi
567 4527 660 4601 forte,
688 4526 879 4608 priusquam
905 4525 946 4589 ad
969 4526 1067 4591 collo·
1119 4545 1155 4588 re
1175 4525 1401 4595 innotesceret,
1432 4541 1494 4585 nos
1515 4521 1550 4585 id
1572 4542 1615 4584 ex
1633 4520 1742 4583 animo
1764 4518 1992 4600 sentirequod
2014 4538 2092 4584 oon-

95 4617 209 4700 quium
243 4615 444 4691 dormiatur,
480 4615 515 4677 in
545 4613 691 4677 animum
720 4611 948 4677 induxerimus
981 4611 1067 4675 velle
1117 4610 1257 4674 fassione
1278 4607 1400 4689 scripta
1425 4608 1591 4671 fucramus
1612 4603 1756 4688 professi.

94 4724 156 4767 nos
180 4701 372 4784 simpliciter
394 4703 610 4784 Augustanae
632 4697 828 4763 confessioni
855 4696 1066 4775 subscribere,
1202 4694 1283 4758 uuit
1310 4703 1389 4758 tunc
1416 4713 1543 4775 quoque
1572 4690 1673 4755 variis
1700 4689 1840 4754 comitiis
1869 4699 1903 4751 et
1924 4687 2091 4771 colloquiis

94 4788 291 4859 confessioni
320 4788 456 4869 inquam
485 4783 680 4868 Imperatori
702 4795 735 4847 et
754 4781 935 4848 Ordinibus
957 4781 1066 4865 Impe-
1117 4789 1150 4845 et
1172 4779 1303 4862 quidem
1321 4779 1474 4842 maximis
1491 4775 1675 4858 sumptibus
1688 4785 1786 4855 atquc
1807 4773 1972 4838 laboribus
1992 4794 2091 4856 quae-

44 4885 69 4930 ’.
94 4877 137 4940 rii
166 4873 317 4940 omnibus
351 4876 391 4937 A.
427 4876 514 4936 1530.
537 4873 569 4935 in
599 4869 740 4934 comitiis
761 4868 985 4951 imperialibus
1006 4889 1067 4951 pn·
1117 4868 1181 4930 sita
1202 4863 1383 4940 concordia,
1406 4863 1447 4928 D.
1466 4862 1591 4928 Buccro
1608 4859 1747 4927 subinde
1767 4857 1941 4942 pollicente
1962 4866 2091 4924 certum

12 4962 18 4977 ’
89 4958 187 5026 blicis
221 4959 395 5034 exhibitae,
431 4957 588 5039 proximis
621 4974 749 5038 quoquc
781 4956 877 5019 annis
908 4955 1067 5038 repetitae
1117 4953 1313 5032 firmumque
1339 4969 1550 5015 consensum:
1584 4946 1642 5012 sed
1664 4945 1744 5010 dum
1765 4943 1919 5010 ecclesiae
1940 4943 2091 5009 Helveti-

93 5055 128 5114 et
148 5046 276 5112 oblatae
294 5044 431 5111 concilio
448 5042 651 5108 Tridentino.
1116 5057 1174 5102 cae
1194 5057 1301 5119 neque
1321 5035 1444 5100 vellent
1465 5053 1573 5116 neque
1590 5042 1724 5116 possent
1740 5030 1936 5095 confessioni
1958 5032 2090 5114 Augus-

178 5131 305 5197 Habita
321 5137 399 5196 sunt
415 5150 483 5196 nen
500 5149 606 5212 pauca
627 5127 667 5192 ab
685 5125 773 5191 edita
788 5125 844 5190 illa
865 5125 1067 5191 confessione
1117 5133 1214 5188 tanae
1247 5121 1467 5196 subscribere,
1500 5127 1608 5184 totum
1640 5116 1723 5182 illud
1755 5131 1788 5180 et
1820 5125 1911 5181 tanto
1944 5125 2090 5199 tempore

93 5218 263 5302 colloquia,
286 5217 455 5299 inquibus
476 5211 874 5278 tamencmnibusmaior
895 5230 1066 5294 propemo·
1117 5209 1262 5273 maxima
1283 5228 1359 5273 cum
1382 5227 1441 5290 spe
1466 5212 1636 5272 versatum
1659 5202 1837 5287 negotium,
1858 5221 1925 5266 non
1944 5202 1979 5265 in
2002 5201 2090 5267 cine-

198 5319 308 5375 Goirim'
322 5333 414 5389 opero.
446 5317 504 5373 Vol.
520 5315 603 5370 XVI.
1853 5301 1887 5356 47
