4688 5902
275 332 339 396 483
1027 323 1289 391 EPISTOLAE
1312 326 1517 389 2630-2631
1600 325 1606 336 ’
2212 325 2271 388 484

273 525 316 585 ut
337 516 504 601 religionis
526 516 702 598 negotium
717 536 782 580 non
804 516 848 580 sit
868 535 973 597 neque
997 513 1142 599 legitime
1164 521 1248 580 trac-
1301 532 1414 578 omnes
1449 514 1483 577 in
1516 532 1577 577 nos
1609 513 1798 597 insurgunt,
1831 534 1944 579 omnes
1976 511 2272 594 Westphalismum

273 611 383 669 tatum
406 623 510 685 neque
532 600 727 666 absolutum.
771 600 900 665 Pendet
919 600 1030 683 itaque
1052 600 1249 666 concertatio
1298 607 1517 681 propugnant.
1530 600 1572 674 ¹⁴)
1627 599 1759 682 Negant
1792 617 1905 664 omnes
1938 598 2175 664 confessionem
2206 599 2272 663 Au·

275 698 311 754 et
327 708 424 753 causa
445 688 600 751 universa
618 685 733 752 adhuc.
778 685 974 768 Quanquam
992 686 1125 750 interim
1147 685 1247 751 verbo
1298 691 1474 766 gustanam
1503 683 1597 749 illum
1626 684 1746 749 habere
1768 704 1911 749 sensnm.
1966 683 2042 765 Qua
2062 684 2100 748 in
2122 705 2169 762 re,
2195 704 2271 765 paee

275 774 340 839 Dei
368 771 512 856 quotidie
539 769 698 837 accedunt
725 771 900 836 innumeri.
955 771 1008 835 Ita
1035 770 1117 835 mihi
1147 771 1247 836 refert
1297 777 1356 833 tua
1378 769 1526 846 dixerim,
1548 770 1622 852 plus
1644 770 1723 852 ipsis
1745 769 1861 835 accedo
1883 789 1981 851 quam
1994 769 2155 850 Philippo,
2178 790 2272 852 quem

275 859 421 925 medicus
443 856 574 941 quidam
587 860 612 939 9)
636 856 693 937 qui
714 856 818 939 pridie
840 856 905 921 huc
926 878 946 922 a
967 856 1125 921 Gracovia
1146 857 1245 922 venit.
1297 855 1365 920 scio
1383 875 1418 920 se
1439 876 1506 920 non
1527 855 1575 919 ita
1602 855 1846 922 declaraturum
1867 857 1947 937 quin
1968 855 2016 921 illi
2044 855 2186 920 victores
2216 856 2271 920 tri·

274 944 441 1010 Fortassis
468 942 539 1008 vult
561 943 724 1008 Dominus
746 963 812 1006 non
839 964 899 1026 per
920 963 1036 1025 regum
1057 941 1162 1008 edicta
1189 940 1246 1006 sed
1299 939 1469 1022 umphcnt.
1515 940 1582 1007 Sed
1605 941 1683 1025 quid
1707 952 1777 1005 tum
1799 940 2128 1023 posteatoonfessio
2145 942 2272 1024 Augus·

273 1051 334 1113 per
366 1030 531 1094 infirmam
560 1026 833 1111 praedicationem
865 1027 1019 1111 colligere
1052 1039 1085 1091 et
1114 1029 1246 1093 firmare
1297 1036 1376 1090 tana
1403 1046 1469 1090 non
1497 1036 1547 1092 est
1574 1027 1790 1111 evangelium.
1853 1025 1996 1110 Superat
2020 1035 2132 1091 autem
2161 1047 2272 1092 omnes

220 1152 226 1169 ι
273 1114 335 1181 sibi
357 1115 535 1181 ecclesiam.
1297 1111 1379 1176 ahos
1390 1109 1540 1178 Saxones
1556 1112 1750 1178 insaniendo
1768 1120 1802 1177 et
1825 1111 2040 1194 vituperando
2051 1109 2094 1175 D.
2113 1112 2272 1178 Erasmus

360 1200 571 1267 Clarissimus
601 1201 652 1264 vir
673 1198 715 1265 D.
739 1199 890 1265 Andreas
913 1198 1075 1282 Hyperius
1087 1201 1129 1273 ¹⁰)
1155 1198 1245 1262 Mar·
1296 1196 1442 1262 Alteras.
1486 1197 1628 1282 Scripsit
1648 1199 1703 1264 hic
1725 1198 1846 1263 librum
1868 1197 2034 1281 copiosum
2062 1196 2180 1282 lingna
2201 1218 2271 1280 ger·

273 1287 447 1371 purgensis
468 1284 530 1351 snb
551 1287 650 1349 finem
669 1285 791 1350 mensis
812 1285 936 1367 Aprilis
959 1284 1042 1348 datis
1064 1283 1105 1348 ad
1128 1303 1180 1348 mc
1204 1283 1245 1347 li·
1297 1283 1427 1348 manica
1447 1282 1484 1346 in
1510 1282 1734 1362 Curtstadiam,
1759 1283 1957 1368 Zwiopliam,
1991 1283 2270 1366 Oeneumpadium,

273 1372 352 1437 teris
374 1380 514 1437 testatur
530 1371 729 1452 colloquium
741 1370 946 1435 Wormatiae
968 1369 1155 1435 habendum
1177 1370 1246 1434 fore
1298 1376 1340 1447 te,
1363 1368 1474 1447 Leuce,
1496 1390 1560 1449 me,
1583 1378 1615 1434 et
1636 1370 1825 1442 innostras
1847 1370 2008 1436 ecclesias.
2042 1369 2217 1434 Hactenus
2237 1369 2270 1433 in

272 1461 325 1523 24.
348 1459 501 1542 Augusti.
538 1456 740 1539 Supremam
762 1456 859 1521 huius
886 1455 1070 1539 praesidem
1098 1456 1246 1520 firturum
1296 1453 1358 1520 hoc
1391 1456 1569 1519 certamine
1600 1453 1686 1520 nihil
1714 1455 1780 1521 vidi
1809 1455 1967 1538 scriptum
1989 1456 2269 1537 intemperantius,

272 1544 398 1628 Regem
422 1542 661 1608 Fordiaaadam
686 1550 743 1606 aut
764 1544 835 1606 eiua
857 1540 964 1607 locum
989 1549 1154 1605 tenentem
1177 1542 1246 1623 epid
1296 1539 1362 1605 imo
1383 1541 1544 1606 furiosius.
1559 1543 1600 1621 ¹⁵)
1644 1543 1754 1624 Atque
1785 1541 1866 1606 adeo
1899 1550 1994 1607 tuum
2026 1541 2129 1606 fuerit
2158 1560 2269 1606 curare

272 1651 405 1712 scopum
442 1627 637 1709 Spirensem:
671 1648 853 1693 assessores
887 1626 1046 1709 colloquio
1076 1626 1246 1709 deputatos
1296 1633 1335 1689 ιιι
1355 1626 1490 1692 habeas:
1514 1626 1653 1691 latinum
1675 1627 1760 1711 quod
1784 1638 1815 1691 te
1836 1627 1954 1692 attinet
1981 1626 2075 1692 reddi
2105 1646 2210 1704 cures,
2241 1634 2269 1691 et

272 1713 390 1781 ducem
414 1713 570 1779 Sucomm
591 1713 773 1791 electorem,
796 1712 910 1778 ducem
934 1712 1244 1795 Wirtemterpeascrn,
1296 1710 1490 1794 quodfacto
1513 1733 1595 1795 opus
1618 1714 1660 1778 sit
1683 1712 1859 1778 consultes.

270 1821 374 1866 unum
407 1820 448 1864 ex
480 1800 673 1864 electoribus
707 1799 866 1881 episcopis
899 1805 932 1862 et
964 1797 1244 1880 archiepiscopum
1382 1797 1467 1862 Mihi
1489 1798 1576 1881 quod
1594 1799 1804 1882 singulariter
1821 1820 1915 1882 agam
1938 1799 2094 1880 imposuit
2118 1797 2269 1880 Luatpra

271 1885 547 1968 Satisbarpeaacm.
592 1883 1055 1967 (lolioquutoresMelaacbtoa,
1076 1882 1246 1966 Sabaeppf·
1294 1883 1368 1948 aias
1385 1883 1548 1960 senior¹⁰)
1571 1886 1700 1967 partim,
1723 1885 1845 1966 partim
1870 1884 2023 1967 Georpius
2040 1904 2150 1950 comes
2161 1885 2268 1950 Mont-

267 1971 347 2053 fiaa,
392 1970 567 2048 Pistoriae,
612 1969 826 2036 Muebuboeus
867 1970 1040 2046 Holsatus,
1082 1966 1243 2048 Breatiaa,
1295 1968 1450 2052 helgardi.
1496 1969 1634 2051 Quaerit
1655 1962 1800 2036 Hessds:
1824 1970 1851 2034 si
1873 1990 1991 2053 corpus
2009 1969 2136 2041 Christi
2159 1971 2266 2036 sedeat

270 2055 519 2122 Onolabachius.
544 2057 598 2120 Ex
620 2065 714 2137 parte
735 2055 873 2121 adversa
892 2055 999 2120 Iulius
1022 2053 1123 2138 Ptlup,
1148 2054 1244 2137 Spole
1295 2065 1352 2118 aut
1373 2063 1520 2119 versetur
1542 2056 1576 2119 in
1598 2055 1705 2133 coelis,
1731 2077 1836 2138 neque
1857 2054 1969 2122 redeat
1996 2056 2032 2121 in
2062 2066 2168 2122 terras
2197 2066 2267 2122 ante

268 2144 352 2221 aius,
385 2141 569 2223 Delphinus,
606 2141 795 2224 Grcpperae,
830 2141 987 2225 Pfeffcras
1015 2141 1242 2218 Lovaniensis,
1294 2139 1459 2218 iudicium,
1483 2141 1643 2224 quomodo
1665 2163 1742 2226 ergo
1765 2140 1806 2207 ad
1824 2143 2022 2208 Damascum
2046 2142 2151 2207 Paulo
2173 2163 2267 2225 appa·

268 2228 390 2294 Petrus
427 2226 578 2295 Οαηιειῗιιε
616 2227 748 2292 Iesuita.
811 2226 939 2292 Notarii
979 2226 1125 2308 deputati
1165 2235 1244 2291 sunt
1295 2224 1423 2289 ruerit?
1457 2225 1503 2290 Ac
1525 2248 1638 2291 veram
1662 2228 1770 2293 carnis
1792 2228 1949 2291 visionem
1974 2229 2073 2292 fuisse
2096 2228 2266 2310 colliquere

269 2313 394 2379 Eburum
415 2325 449 2377 et
470 2313 742 2396 Goeppingensis,
764 2314 843 2376 item
865 2313 1067 2395 praepositus
1089 2320 1123 2376 et
1140 2332 1243 2377 secre-
1295 2332 1336 2374 ex
1364 2317 1390 2373 l.
1414 2311 1650 2394 (lor.15.cap.
1705 2312 1866 2378 Desidere
1899 2313 1939 2377 de
1972 2314 2034 2379 hoc
2065 2314 2137 2379 loco
2173 2314 2266 2379 etiam

267 2400 372 2464 tarius
401 2400 630 2482 Moguntinus.
646 2401 686 2475 ¹¹)
730 2397 964 2463 Adiunrsrunt
986 2397 1243 2480 colloquentibus
1296 2404 1398 2474 tuum,
1421 2399 1467 2461 mi
1490 2398 1621 2463 domine
1643 2406 1677 2463 et
1697 2398 1809 2477 frater,
1833 2398 1947 2465 audire
1969 2399 2136 2464 iudicium.
2182 2399 2265 2466 Satis

268 2485 572 2568 supernumerarios
598 2484 751 2565 utrinque
781 2483 892 2566 plures
914 2493 947 2549 et
969 2483 1134 2548 auditores
1163 2503 1242 2566 quo·
1294 2493 1422 2548 mature
1443 2483 1650 2567 responderis
1679 2485 1707 2550 si
1730 2486 1817 2549 intra
1844 2506 1993 2550 mensem
2016 2488 2204 2567 proximum
2229 2484 2266 2550 ad

268 2592 339 2653 que.
384 2570 573 2635 Habebitur
594 2568 673 2633 item
696 2568 884 2634 deliberatio
906 2568 983 2652 qnid
1006 2589 1079 2634 cum
1103 2577 1241 2634 secreta·
1294 2588 1347 2631 me
1368 2571 1546 2652 scripseris.
1598 2569 1712 2634 Comes
1734 2571 1889 2652 Georgius
1911 2572 2001 2635 misit
2022 2571 2174 2636 libellum
2198 2592 2266 2656 ger·

267 2656 326 2720 riis
348 2657 415 2719 fiat.
472 2653 575 2720 Addit
602 2654 657 2718 ille
680 2653 926 2721 Melaacbtcucm
948 2663 1126 2721 venturum
1148 2655 1241 2737 Hey-
1294 2655 1460 2720 manicum
1492 2657 1727 2721 concionatoris
1760 2655 2023 2740 Goeppingensis
2052 2657 2164 2723 Iacobi
2200 2658 2265 2722 Aa·

268 2741 455 2824 delbergam
478 2740 519 2804 ad
550 2739 790 2806 reformandam
814 2740 968 2806 scholam.
982 2743 1024 2816 ¹²)
1079 2739 1242 2805 Vocatum
1293 2739 1386 2804 ureae
1419 2739 1559 2806 doctoris
1596 2740 1927 2826 Whtembergensis.
1961 2763 2057 2825 quem
2094 2743 2134 2807 dc
2172 2763 2265 2809 coena

267 2828 357 2891 enim
379 2847 450 2892 esse
472 2825 661 2891 aPotutino.
706 2825 808 2892 Addit
830 2837 862 2891 et
880 2828 954 2893 hoc:
974 2848 1033 2910 per
1050 2827 1241 2892 universum
1292 2826 1423 2907 scripsit
1447 2824 1488 2891 ad
1520 2826 1714 2892 Palatinam.
1727 2827 1769 2911 ¹⁷)
1818 2828 1991 2893 Praefatus
2019 2837 2070 2893 est
2097 2831 2134 2893 in
2164 2829 2265 2911 ipsum

265 2912 439 2996 Belginum
467 2912 549 2976 mire
576 2913 716 2995 flagrare
746 2912 1008 2995 persequutionis
1036 2913 1156 2994 ignem.
1200 2911 1240 2976 Id
1293 2909 1446 2976 Bruttius
1463 2931 1500 2976 ao
1522 2922 1672 2990 testatur,
1691 2914 1826 2978 unicum
1847 2914 1934 2978 hunc
1951 2913 2101 2979 libellum
2119 2916 2266 2980 omnibus

265 2998 376 3082 ipsum
398 2997 439 3062 ad
460 3018 513 3062 me
531 2997 743 3080 perscribitur
761 2999 965 3082 exAugusta
980 2997 1239 3064 vindelicorum:
1292 2997 1355 3079 piis
1376 2997 1560 3063 satisfacere
1582 3019 1684 3081 posse.
1729 2997 1831 3081 (lupit
1852 2999 2005 3082 princeps
2027 3008 2065 3063 ut
2082 3010 2212 3066 mature
2228 2997 2263 3063 de

267 3104 382 3149 omnes
404 3084 548 3148 omnium
567 3083 738 3149 civitatum
755 3105 903 3150 carceres
922 3083 1061 3150 refertos
1079 3104 1150 3148 esse
1162 3083 1241 3148 fide·
1293 3089 1363 3146 toto
1384 3081 1468 3147 libro
1491 3104 1600 3148 meum
1618 3084 1682 3166 ipsi
1705 3083 1905 3165 perscribam
1927 3085 2094 3151 iudicium.
2130 3087 2181 3151 Ac
2201 3106 2264 3151 sus

266 3169 370 3236 libus:
394 3167 555 3247 Gandavi,
575 3168 707 3253 Brugis,
728 3170 932 3253 Antverpiae
953 3177 986 3234 et
1005 3170 1039 3234 in
1063 3169 1136 3235 aliis
1158 3169 1240 3235 cele·
1292 3167 1383 3250 picor
1415 3168 1510 3232 illum
1549 3170 1610 3236 hoc
1642 3170 1726 3234 libro
1759 3170 1910 3234 nonnihil
1950 3191 2021 3236 esse
2061 3181 2263 3237 commotum

265 3254 428 3322 brioribus
450 3254 583 3320 urbibus
605 3253 696 3320 caedi
713 3255 896 3332 nonnullos,
920 3270 1016 3338 atque
1039 3256 1098 3320 hos
1120 3275 1242 3340 magna
1293 3254 1426 3319 Tractat
1448 3256 1652 3336 quaestiones
1674 3255 1707 3319 in
1729 3256 1921 3321 universum
1941 3264 2024 3321 tres:
2046 3256 2073 3321 L
2098 3256 2191 3338 Quid
2211 3277 2265 3322 sua

267 3342 449 3406 constantia
482 3350 637 3423 oppetere
669 3348 817 3407 mortem.
873 3341 1035 3425 preriue
1065 3340 1152 3405 idem
1184 3342 1240 3406 ille
1294 3339 1477 3405 substantia
1504 3341 1547 3405 sit
1574 3341 1699 3407 coena?
1737 3341 1780 3406 ΙΙ.
1812 3340 1902 3422 Quid
1927 3343 1963 3406 in
1984 3362 2087 3408 coena
2113 3345 2265 3426 percipiat

268 3448 334 3492 non
356 3425 524 3511 splendide
545 3426 607 3491 sibi
628 3426 799 3509 pollicetur
820 3426 860 3490 de
883 3426 940 3492 illo
961 3427 1119 3510 colloquio
1147 3428 1241 3491 Van·

268 3513 375 3595 giano,
402 3533 440 3577 eo
461 3511 547 3594 quod
569 3520 794 3593 praepotentes
816 3534 882 3578 non
903 3515 997 3596 pauci
1020 3514 1154 3596 cupiant
1179 3512 1243 3580 sibi

268 3597 460 3682 religionem
481 3597 624 3679 aliquam
648 3619 689 3661 ex
713 3598 883 3682 evangelio
906 3606 939 3664 gt
959 3601 1106 3683 papigmo
1131 3599 1241 3681 parari
1382 3597 1428 3664 14)
1445 3597 1585 3651 Confessio
1613 3597 1677 3650 fidei
1703 3598 1737 3650 de
1763 3597 1943 3651 eucharistiae
1969 3606 2142 3653 sacramento
2165 3600 2193 3653 in
2216 3615 2265 3679 que

268 3684 374 3765 qualis
396 3684 474 3748 olim
496 3684 628 3748 obtrusa
657 3682 766 3748 fuerat
793 3693 851 3749 aut
876 3683 1010 3751 inducta
1041 3684 1171 3751 Galatis
1200 3704 1241 3749 ex
1294 3666 1412 3790 {ihm
1436 3667 1609 3747 ecclesiarum
1634 3667 1767 3747 aaronica
1791 3673 1917 3748 astruant
1939 3669 2061 3736 corporis
2079 3677 2108 3722 ⁰⁸
2132 3671 2264 3737 ⁸⁸⁰ss¹²i¹¹¹⁸

269 3770 439 3852 evangelio
457 3779 491 3833 et
512 3770 584 3852 lege
602 3777 661 3832 eto.
1309 3776 1315 3788 .
1356 3743 1563 3854 ‚praesentiam
1582 3741 1611 3788 et
1628 3736 1663 3789 dc
1681 3737 1752 3790 hbro
1770 3733 1875 3789 Calrmr
1892 3737 2066 3805 respondent.
2093 3738 2184 3860 1136.
2194 3734 2264 3791 lesi.

358 3853 445 3934 Quid
478 3875 555 3918 vero
588 3855 647 3918 tibi
680 3854 827 3935 videtur,
868 3856 1046 3920 reverende
1076 3857 1178 3920 irater
1210 3866 1243 3919 et
1295 3803 2265 3938 a.1ssiiffciriiaithidiirieibiimillibdpribriihiiih'ffwidersa

271 3940 394 4005 amite?
417 3940 582 4005 Vidistine
603 3939 681 4022 quid
703 3941 797 4006 nobie
814 3962 929 4006 rursus
951 3942 1114 4023 pepererit
1130 3948 1243 4007 nostra
1295 3942 1444 3995 vcrfluchte
1469 3942 1537 4022 Lero
1566 3942 1616 3994 der
1637 3942 1793 3995 Oarlstader
1816 3943 1871 3994 rnd
1895 3943 1948 3995 alle
1974 3943 2125 3997 ffirnemate
2147 3945 2266 3997 Heubtar

271 4029 304 4091 A
327 4026 381 4090 hri
400 4024 439 4089 a?
477 4024 657 4091 saxoniam
687 4024 795 4091 digere
842 4028 873 4091 01
898 4028 918 4090 j·
961 4028 1026 4091 Exi
1045 4026 1105 4091 tim
1126 4026 1168 4091 ba
1208 4034 1244 4091 tu
1294 4011 1344 4063 der
1370 4011 1596 4076 Sacramentrrer,
1623 4011 1840 4080 Rottengcister,
1867 4011 2072 4075 Widertcnfl'er,
2101 4013 2265 4066 Sacrament-

266 4047 421 4196 pailimusss
443 4131 513 4175 0350
535 4111 591 4193 qui
614 4130 757 4175 ormam
779 4049 1067 4194 fllgmumrpomze
1089 4048 1242 4195 pssaegen-
1295 4080 1418 4161 lcstcrer,
1436 4078 1635 4162 Eheschender,
1653 4080 1903 4144 Musicaverechter,
1925 4081 2114 4145 Bildstsrrmer,
2134 4083 2265 4151 Feiertag
2301 4087 2303 4095 ’

268 4198 334 4262 tiae
360 4198 543 4279 opinionem
567 4206 791 4278 sequerentur.
844 4198 986 4263 Volebas
1005 4218 1138 4262 sensum
1162 4198 1244 4264 tole·
1294 4145 2265 4288 inditiisviiidv{hiliis-iiieiiiihsghiinrtiiihhbiindiitiii'guiriliffi

270 4282 406 4349 rabilem
440 4279 576 4346 reddere
608 4282 820 4347 confessionis
851 4284 1076 4366 Augustanae.
1134 4284 1179 4348 Ac
1208 4284 1244 4347 in
1295 4302 1329 4337 au
1346 4285 1549 4353 Mechlenburg.
1586 4284 1668 4338 Gedr.
1693 4304 1725 4338 ιι
1744 4286 1818 4340 NBr.
1837 4316 1868 4325 -
1887 4287 1924 4339 1n
1945 4287 2000 4352 fiae
2021 4289 2091 4354 tepea
2113 4288 2194 4342 tuac:
2218 4292 2266 4341 Ac·

270 4368 333 4434 hac
361 4388 458 4434 eausa
485 4374 640 4449 sequutus
664 4376 715 4433 est
740 4374 773 4432 te
806 4375 839 4432 et
868 4368 1034 4434 Lamnus
1048 4372 1089 4446 ιι)
1123 4375 1245 4433 noster·
1294 4353 1412 4422 fanglich
1430 4353 1501 4406 habs
1519 4354 1562 4406 ich
1579 4352 1836 4437 29Ketaeracichen
1856 4355 1939 4436 wider
1956 4356 2097 4409 Calvinum
2116 4359 2172 4412 md
2186 4359 2265 4410 Lasso

271 4453 444 4519 ιιιιιι
562 4473 604 4515 ιι
636 4452 713 4519 ιιι
744 4453 860 4536 ιιι
982 4454 1158 4520 aaaron
1184 4464 1244 4519 a·
1294 4421 2045 4614 tarachiae?zazzerahetgiai
2069 4426 2267 4559 latae

270 4539 368 4605 Nunc
406 4538 575 4603 turmatim
609 4548 791 4604 excurrunt
825 4558 952 4615 omnes,
993 4561 1085 4606 arma
1124 4540 1245 4619 ferunt,
1295 4576 1368 4618 num,
1395 4559 1608 4624 Schwenckfeld,
1632 4561 1773 4630 Bullinger
1795 4568 1847 4615 etc.
1888 4563 1918 4615 ln
1965 4579 2055 4614 amma
2077 4561 2131 4615 471
2154 4565 2210 4617 rud
2234 4565 2267 4616 ist

971 4638 974 4650 ·
1294 4628 1389 4680 heines
1407 4626 1488 4681 anter
1505 4628 1652 4682 denselben
1671 4630 1725 4685 das
1742 4631 1819 4684 nicht
1835 4631 1885 4686 des
1903 4630 2058 4686 Helliachen
2074 4632 2178 4687 ferrara
2195 4632 2266 4686 werd

2162 3807 2265 3860 atium

273 4678 476 4687 ...α-...ῳ

1294 4713 1325 4750 se
1362 4702 1409 4751 etc.

373 4758 401 4825 9)
421 4759 553 4813 Sirenas
579 4763 611 4813 a'a
639 4761 763 4828 margine
792 4758 999 4830 tatemerem·
1023 4776 1121 4817 mmm
1146 4777 1242 4832 nappe·
1325 4713 1344 4767 y
1383 4764 1429 4826 16)
1449 4764 1596 4834 Philippus
1613 4759 1627 4816 6
1644 4765 1725 4822 πάνυ.

270 4829 351 4883 ditat.
1381 4832 1428 4900 17)
1444 4835 1561 4887 Knrtacr
1579 4852 1605 4887 n.
1623 4835 1897 4904 einsdltigerBsricht
1914 4851 1966 4889 von
1985 4837 2034 4889 des
2046 4836 2154 4891 Herren
2172 4839 2267 4892 Nacht-

359 4894 404 4963 10)
423 4895 465 4960 Us.
488 4896 591 4951 Adurni
614 4896 691 4950 Vitas
714 4897 789 4951 theol.
813 4896 871 4951 187.
907 4898 1043 4969 Maapold
1065 4900 1095 4954 iu
1113 4900 1245 4969 Hersopii
1295 4902 1369 4955 mahl
1392 4903 1448 4955 und
1470 4904 1523 4956 wie
1544 4904 1602 4956 sich
1624 4905 1668 4956 ein
1690 4905 1842 4974 ainfaltiger
1863 4903 1955 4958 Obrist
1976 4905 2004 4956 in
2028 4906 2073 4958 die
2096 4908 2237 4977 langwie‘

273 4965 346 5020 Eae.
365 4965 411 5018 vl.
430 4963 488 5017 356.
527 5035 531 5044 .
827 5034 832 5046 Ι
1295 4972 1444 5040 Zwiespalt
1465 4989 1495 5024 ιο
1517 4972 1574 5026 sich
1592 4973 1709 5026 darhber
1725 4973 1846 5027 orhoben
1868 4973 1995 5026 echichen
2012 4975 2072 5028 soll.
2110 4976 2179 5030 Tib.
2198 4977 2269 5030 155.

292 5100 298 5112 ¹
360 5033 406 5095 11)
421 5032 584 5114 Ὀηοῖᾱιηιιι
603 5032 697 5101 Karp,
727 5031 941 5103 Goepmapaasis
956 5037 1100 5106 Andreae,
1127 5037 1242 5107 Meque·
1294 5040 1419 5105 (Hurtm.
1438 5056 1465 5093 u·
1485 5040 1594 5110 Jaeper,
1619 5041 1725 5095 Breuis
1746 5042 1780 5096 11.
1804 5040 1856 5095 369
1883 5047 1909 5096 ct
1933 5043 2012 5108 infra
2036 5041 2076 5098 N.
2095 5042 2190 5101 2624st
2224 5044 2269 5099 Ad

274 5107 350 5155 traua
368 5101 457 5156 Drael.
510 5170 516 5181 ⁶
1294 5124 1391 5162 mmm
1413 5107 1543 5163 Andreae
1565 5110 1644 5163 Bulla·
1681 5125 1743 5164 crus
1769 5113 1799 5164 ia
1827 5112 1950 5179 marotiae
1975 5114 2139 5180 amipeoeut:
2166 5114 2219 5168 Est
2242 5115 2269 5166 in

360 5170 407 5234 12)
425 5170 527 5235 Adfert
542 5187 575 5222 aa.
599 5169 715 5225 Octobri.
750 5169 885 5236 (Schmidt
897 5189 926 5240 p.
945 5172 1017 5239 611.)
1295 5194 1392 5246 magna
1409 5177 1497 5247 gratia
1513 5179 1643 5247 principis
1694 5180 1917 5247 irtembergensis
1935 5184 1964 5233 et
1982 5182 2089 5236 Brentii
2113 5183 2160 5237 hic
2178 5185 2270 5239 dootoe

362 5238 408 5305 13)
428 5240 468 5294 10.
486 5255 504 5292 a
522 5239 623 5295 Lusco.
1295 5247 1350 5299 Iac.
1370 5247 1504 5301 Andreae.
1542 5245 1596 5302 Sed
1612 5247 1678 5304 haec
1694 5250 1778 5304 amba
1794 5249 1881 5306 acea
1899 5255 1970 5304 caat
2194 5272 2242 5304 x
