4688 5910
76 301 135 367 689
916 302 998 365 1557
1019 297 1226 366 NOVEMB.

74 492 152 552 sunt
173 486 267 551 varia
293 486 391 551 etiam
414 484 673 553 doctissimorum
703 494 737 551 et
764 486 1045 553 sanctissimorum
1540 485 1638 556 2754.

75 570 202 636 iudicia.
246 571 320 656 Ego
343 592 419 636 vero
441 574 535 655 cupio
562 580 690 640 tantum
713 570 753 638 de
776 572 909 637 Domini
931 571 1045 637 volun·

76 665 143 722 tate
165 657 284 722 certior
305 658 391 736 fieri,
421 678 463 723 ne
485 655 563 740 quid
584 677 679 742 agam
699 678 770 722 meo
793 658 974 723 ministerio
995 658 1046 723 in·
1387 657 1508 722 BEZA
1536 658 1766 725 FARELLO.

75 741 221 827 dignum.
266 741 414 826 Cognovi
436 764 477 808 ex
499 744 564 808 tuis
593 742 746 822 literis‚²)
775 764 855 827 quas
877 764 896 808 a
918 765 971 808 me
993 764 1046 809 ac-

75 828 189 910 cepist-i
220 837 252 892 te
278 828 416 912 perinde
442 831 694 910 interpretatum
723 849 760 894 ae
793 829 822 893 si
854 838 959 894 tecum
989 849 1046 893 ex·
1183 825 1307 891 Maiore
1336 833 1489 910 exparte
1513 829 1649 911 pertinet
1675 829 1718 893 ad
1746 849 1796 894 ree
1826 828 2069 896 Parisienainm.

73 913 292 997 postularem,
332 915 425 997 quasi
459 936 511 979 me
544 914 656 980 litibus
692 914 860 998 implicare
892 914 1045 981 volueris.
1099 912 1225 996 Leonis
1246 913 1402 978 mittendis
1422 934 1520 996 neque
1543 916 1680 994 pecnnia
1701 935 1796 996 neqree
1816 915 2071 983 immutationibus

75 1000 148 1082 Ego
181 1006 269 1064 certe
301 1000 384 1064 nihil
417 1001 529 1066 minus
562 1000 748 1081 suspicatus
782 1023 871 1079 sum,
912 999 968 1065 sed
1001 1001 1047 1064 ita
1097 999 1132 1062 in
1160 1002 1291 1079 tempere
1313 1000 1486 1081 precium.
1535 998 1697 1065 Oannelns
1724 1001 1823 1065 nimia
1842 1002 1901 1067 din
1925 1002 2069 1068 Neommi

76 1085 191 1167 scripsi
214 1083 321 1149 taedio
343 1083 482 1169 quodam
506 1086 611 1149 litium
633 1087 667 1150 in
691 1086 807 1168 quibus
829 1107 881 1150 me
903 1093 970 1149 tam
997 1086 1046 1149 in·
1096 1085 1218 1148 morari
1239 1084 1369 1163 videar,
1392 1086 1448 1166 qni
1468 1085 1569 1167 officie
1590 1105 1646 1150 aaa
1665 1087 1752 1166 apud
1768 1086 1924 1151 naniam
1941 1087 2069 1173 detmrqi

77 1169 186 1254 dignis
219 1169 326 1236 modis
364 1172 535 1236 hominum
575 1172 730 1253 iniquitas
763 1172 950 1255 exagitavit
1005 1171 1046 1235 ln
1097 1169 1221 1235 annet.
1264 1169 1316 1234 Ibi
1336 1171 1419 1236 enim
1440 1191 1500 1236 non
1522 1191 1626 1236 amnes
1647 1173 1817 1237 constantia
1838 1193 1898 1238 sna
1920 1174 2068 1240 inclares-

75 1265 251 1340 postrema,
274 1256 380 1338 quoad
391 1259 460 1323 eius
477 1258 549 1322 fieri
563 1257 678 1340 potuit,
701 1257 909 1323 autoritatem
923 1256 1047 1322 Christi
1097 1260 1171 1320 eunt
1191 1260 1219 1320 et
1238 1256 1466 1338 confirmatione
1484 1276 1562 1338 opus
1584 1256 1701 1321 tabent.

76 1342 218 1406 ministri
252 1343 394 1407 retinere
426 1353 561 1408 conatus
593 1365 677 1421 sum,
710 1364 792 1425 quae
824 1365 875 1409 res
909 1341 1047 1408 fortasse

76 1426 236 1493 iudicibus
266 1426 457 1511 displicebit.
502 1426 570 1493 Sed
599 1449 652 1492 me
685 1427 818 1494 debebat
854 1428 942 1493 illius
974 1449 1047 1494 asse
1097 1444 1152 1509 (Ex
1171 1444 1341 1513 autographo
1358 1445 1537 1498 bibliothecae
1555 1452 1693 1513 pastorum
1712 1445 1934 1500 Neocomansium
1953 1448 2011 1500 sine
2029 1450 2069 1500 in·

77 1533 235 1596 personae
252 1534 432 1578 memorem
449 1535 545 1596 quam
569 1514 714 1597 agebam.
747 1515 912 1596 Exspecto
931 1534 1047 1580 canisae
1318 1514 1474 1581 ῦθήρῒίοῡθ·
1509 1513 1604 1567 Edidit
1623 1515 1711 1566 [taum.
1732 1516 1753 1567 I·
1773 1513 1847 1579 49⁰-l

78 1610 242 1663 eventum.
288 1600 392 1664 Porro
420 1599 506 1683 qnod
536 1599 693 1682 scripsisti
723 1598 763 1664 de
789 1610 922 1665 senatus
944 1602 1047 1665 vestri

77 1684 246 1750 voluntate
268 1692 301 1749 et
322 1684 477 1764 studio,³)
501 1684 585 1750 idem
610 1683 691 1749 mihi
702 1686 847 1768 persuasi
859 1685 944 1768 quod
966 1684 1047 1751 sori·
1366 1682 1401 1750 S.
1423 1694 1457 1749 et
1478 1706 1588 1768 paoem
1612 1708 1632 1751 a
1653 1684 1805 1751 Domino.

79 1770 137 1836 bis.
182 1769 238 1834 llli
261 1771 383 1854 gratias
413 1791 474 1853 ago
503 1792 561 1854 per
583 1771 705 1850 literas,
715 1773 744 1849 ⁴)
773 1769 857 1854 quod
881 1780 919 1836 ut
940 1772 1048 1837 verbis

78 1864 115 1919 tu
148 1877 274 1939 quoque
307 1857 408 1923 facias
440 1878 511 1921 meo
544 1856 677 1921 nomine
708 1857 921 1922 vehementer
959 1878 1045 1941 rogo.
1185 1855 1341 1922 Genavae
1359 1857 1383 1935 ¹)
1412 1856 1529 1939 reliqui
1552 1857 1592 1920 D.
1615 1855 1777 1922 Cetrium
1807 1858 1929 1940 optimc
1958 1858 2069 1922 valen—

78 1939 175 2021 Quod
198 1949 308 2006 autem
329 1943 422 2025 cupis
444 1950 482 2008 ut
507 1943 542 2007 in
571 1943 680 2008 sinum
707 1950 799 2007 tuum
821 1942 997 2020 effundam,
1020 1943 1049 2007 si
1099 1950 1166 2006 tem
1189 1962 1265 2007 cum
1282 1942 1393 2005 amicis
1412 1942 1571 2006 omnibus.
1601 1941 1708 2006 Valde
1726 1942 1774 2006 illi
1796 1941 1963 2026 displicuit
1984 1944 2069 2026 quod

79 2026 157 2109 quid
179 2038 229 2091 est
251 2027 336 2110 quod
358 2035 474 2112 urgeat
496 2028 740 2105 vehementius,
769 2029 850 2093 etsi
873 2028 949 2093 ullis
971 2049 1048 2095 con·
1099 2048 1196 2091 nemo
1223 2034 1371 2092 nostrum
1385 2030 1413 2105 ²)
1444 2028 1573 2092 Bernae
1602 2028 1800 2093 substitisset
1829 2037 1887 2092 aut
1916 2051 1954 2093 eo
1984 2039 2071 2094 esset

78 2114 224 2196 stringar
247 2114 416 2197 angustiis,
438 2114 542 2179 habeo
554 2114 729 2178 maximam
749 2114 888 2197 gratiam
911 2135 969 2196 pro
992 2125 1049 2179 tua
1100 2134 1262 2190 reversus,
1292 2112 1368 2176 dum
1392 2114 1675 2195 proficiscerentur
1696 2114 1804 2197 legati.
1818 2114 1843 2196 ³)
1888 2115 1972 2178 Nam
1995 2136 2071 2198 pro·

77 2198 139 2265 hac
162 2198 388 2265 sollicitudine.
433 2199 481 2264 Ut
502 2201 644 2283 ingenue
666 2199 771 2264 fatam
793 2199 879 2282 apud
908 2212 939 2265 te
962 2198 1048 2282 quod
1100 2198 1153 2264 cul
1181 2198 1280 2263 dubio
1302 2206 1503 2262 maturatum
1532 2211 1631 2274 esset,
1663 2221 1766 2280 neque
1795 2200 1830 2263 in
1853 2201 2075 2265 Beruensium

78 2305 131 2349 res
159 2292 216 2359 est,
251 2284 410 2351 hactenus
438 2286 484 2350 sic
512 2286 590 2362 vixi,
625 2306 661 2350 ac
688 2286 797 2349 victus
827 2286 986 2350 tenuitate
1016 2293 1049 2350 et
1100 2282 1360 2367 indignationem
1378 2285 1638 2362 incurrissemus,
1656 2285 1812 2367 quodnec
1831 2286 1971 2367 pecunia
1990 2298 2077 2350 esset

79 2390 143 2452 qua
165 2371 255 2452 potui
279 2373 486 2454 parsimonia,
510 2371 687 2437 domestico
711 2372 871 2452 vectigali,
899 2371 932 2435 id
955 2371 1048 2437 effeci
1100 2381 1216 2452 parata
1239 2390 1336 2452 quam
1360 2370 1407 2433 eis
1430 2371 1651 2434 obtuleramus
1670 2391 1730 2434 nos
1748 2372 1933 2454 ubicunque
1953 2371 2077 2435 vellent

79 2463 115 2519 ut
155 2477 259 2538 neque
301 2457 499 2538 superfuerit
536 2455 711 2538 quidquam
752 2478 856 2539 neque
898 2457 1047 2522 defuerit.
1101 2464 1411 2538 repraesentaturos,
1444 2477 1503 2522 nec
1534 2457 1612 2520 satis
1640 2464 1749 2520 essent
1771 2469 1903 2538 paratae
1933 2457 2074 2522 instruc-

78 2541 190 2618 Nunc,
220 2540 306 2622 quod
336 2545 426 2623 prius
454 2563 519 2606 uon
547 2544 736 2624 contigerat,
765 2541 938 2607 obaeratus
966 2563 1049 2619 sum,
1102 2541 1217 2617 tiones,
1241 2541 1380 2622 deniquo
1397 2540 1484 2624 quod
1502 2550 1658 2624 cuperent
1675 2541 1800 2623 aliquos
1825 2563 1919 2607 nosse
1942 2541 2074 2624 quibus·

78 2625 135 2691 sed
157 2627 269 2692 fratris
288 2628 352 2691 mei
373 2629 481 2709 potius
503 2627 598 2709 culpa
615 2649 712 2709 quam
731 2649 812 2699 mea,
836 2648 877 2691 ex
895 2650 957 2708 quo
976 2648 1048 2692 cum
1103 2648 1176 2692 cum
1195 2626 1351 2690 Lutetiae
1372 2637 1405 2690 et
1424 2628 1459 2690 iu
1482 2628 1556 2691 aula
1579 2627 1618 2690 de
1641 2649 1676 2690 re
1698 2637 1766 2690 tota
1788 2629 2073 2694 communicarent.

78 2712 135 2775 illo
168 2713 264 2777 divisi
296 2714 530 2794 patrimonium
564 2714 648 2795 quod
682 2713 838 2796 exiguum
872 2727 1050 2794 supererat.
1102 2711 1175 2778 Hoc
1203 2722 1330 2794 poterat
1359 2734 1443 2776 unus
1472 2721 1583 2777 noster
1608 2712 1731 2794 Caepar
1743 2716 1771 2795 ⁴)
1800 2714 1921 2796 optime
1949 2735 2073 2788 curare.

77 2797 131 2862 Ad
156 2798 235 2864 haec
257 2801 393 2864 accessit
414 2800 546 2864 morbus
576 2808 609 2863 et
638 2811 805 2879 praeterea
824 2801 938 2862 uxoris
960 2799 1048 2864 vale·
1075 2796 1077 2879 Ι
1103 2798 1186 2862 siout
1208 2798 1273 2861 iam
1295 2804 1366 2861 tum
1396 2797 1628 2862 iudicabamus.
1674 2796 1740 2863 Sed
1769 2807 1882 2862 tamen
1905 2799 2074 2864 ferendum

76 2881 158 2946 tudo
182 2904 296 2966 parum
324 2884 420 2948 firma
443 2897 475 2948 et
496 2906 579 2950 onus
608 2884 792 2949 liberorum.
833 2883 960 2948 Verum
984 2904 1048 2947 non
1103 2882 1260 2966 estquod
1283 2892 1410 2948 mutare
1432 2905 1497 2948 non
1520 2885 1633 2965 possis.
1677 2884 1739 2948 His
1768 2883 1980 2950 incommodis
2008 2887 2075 2949 ianr

78 2967 197 3033 desunt
230 2970 327 3034 amici
359 2991 457 3053 quarn
491 2970 638 3052 plurimi,
676 2971 731 3052 qni
766 2969 908 3051 quotidie
941 2972 1050 3033 omnia
1102 2980 1308 3051 prospectum
1331 2977 1381 3033 est
1403 2969 1476 3033 istic
1493 2969 1603 3053 aliqua
1620 2991 1660 3033 ex
1679 2976 1781 3052 parte,
1804 2992 1863 3034 nos
1882 2991 1961 3035 vero
1979 2991 2075 3036 cona-

77 3055 219 3119 offerant
240 3056 362 3134 officia,
392 3062 426 3120 et
447 3078 488 3120 ex
518 3057 642 3132 animo,
672 3064 709 3120 ut
736 3055 818 3120 nihil
848 3053 992 3120 dubitem
1014 3056 1049 3120 in
1101 3054 1219 3129 bimur,
1242 3055 1349 3119 missis
1371 3056 1475 3137 primo
1498 3076 1622 3138 quoque
1645 3063 1789 3138 tempore
1811 3055 1924 3133 literis,
1947 3064 2076 3123 caetera

77 3149 232 3223 promptu
262 3141 330 3205 fore
357 3140 514 3205 auxilium
544 3142 668 3223 quoties
695 3162 777 3223 opus
807 3141 877 3206 erit.
922 3141 1049 3206 Deinde
1102 3161 1268 3205 excusare.
1310 3142 1463 3205 Lutetiae
1486 3141 1709 3223 praeterillos
1732 3142 1872 3224 quinque
1895 3141 2075 3225 dequibus

78 3226 107 3289 si
129 3246 181 3290 me
204 3226 257 3292 hic
280 3224 401 3292 diutius
423 3227 590 3309 contingat
611 3229 815 3306 commorari,
847 3227 907 3293 hoo
931 3235 990 3300 est,
1021 3226 1049 3290 si
1102 3225 1323 3304 audieramus,
1353 3227 1513 3291 combusti
1540 3235 1618 3291 sunt
1647 3227 1709 3292 duo
1737 3247 1870 3309 prorsus
1892 3228 2074 3314 iuvenes,⁵)

78 3310 202 3376 felicior
224 3313 267 3377 sit
290 3333 398 3376 rerum
418 3322 603 3378 nostrarum
626 3333 803 3390 successus,
827 3332 924 3394 quam
943 3311 1049 3377 adhuc
1102 3311 1154 3375 die
1177 3310 1329 3377 Octobris
1351 3316 1407 3376 93:
1439 3333 1577 3395 quorum
1605 3312 1743 3377 alterum
1768 3321 1890 3396 negant
1912 3313 2075 3379 decimum

78 3417 211 3480 sperare
241 3399 359 3476 ausim,
389 3398 469 3463 nihil
497 3398 633 3481 pudebit
659 3419 718 3481 pro
741 3420 813 3464 meo
841 3399 913 3463 iure
940 3409 1050 3481 petere
1102 3398 1255 3480 quintum
1277 3418 1399 3461 annum
1423 3399 1607 3463 excessisse.
1651 3398 1835 3481 Utrumque
1863 3407 2002 3465 testatur
2023 3400 2075 3464 in·

78 3490 115 3546 ut
147 3482 244 3548 aliam
279 3482 422 3548 habeant
453 3486 517 3547 mei
553 3484 711 3549 rationem
745 3506 843 3567 quam
882 3483 1048 3549 haetenus.
1101 3482 1247 3547 credibili
1271 3483 1430 3566 patientia
1452 3504 1489 3548 ao
1518 3485 1704 3549 constantia
1731 3506 1798 3548 non
1820 3485 1931 3550 minus
1959 3507 2074 3568 percu-

77 3566 214 3633 Utinam
243 3569 334 3633 nulla
364 3591 416 3634 me
443 3571 547 3653 magis
576 3578 737 3652 premeret
765 3590 844 3636 cura
866 3591 963 3652 quam
986 3572 1049 3634 mei
1100 3568 1178 3633 lissa
1212 3567 1415 3634 adversarios
1454 3591 1551 3652 quam
1586 3570 1656 3652 pios
1696 3570 1815 3634 fratres
1854 3572 2074 3638 confirmasse.

78 3666 112 3716 et
140 3675 302 3731 meorum,
332 3668 371 3718 ut
396 3659 451 3738 qui
480 3656 581 3720 sciam
612 3668 739 3721 nostras
768 3678 844 3738 opes
873 3657 907 3718 in
938 3677 1049 3720 eorum
1102 3653 1223 3719 Scribit
1255 3654 1410 3720 Galerius
1439 3676 1575 3739 pergere
1602 3656 1729 3719 fortiter
1758 3655 1970 3738 dispersionis
1999 3657 2075 3722 reli-

77 3760 148 3804 esse
169 3741 286 3804 animis
314 3741 497 3805 reconditas
524 3742 579 3821 qui
606 3762 666 3804 nos
695 3740 817 3805 habent
843 3762 901 3821 pro
925 3741 1050 3806 Christi
1101 3741 1193 3823 quius
1222 3750 1255 3804 et
1282 3741 1317 3803 in
1347 3740 1483 3823 captivis
1511 3741 1666 3804 maiorem
1701 3741 1797 3804 etiam
1828 3742 1967 3806 inveniri
1997 3764 2075 3808 con-

78 3827 197 3890 servis:
231 3847 327 3908 quem
357 3829 443 3890 votis
472 3826 707 3892 ardentissimis
737 3848 850 3909 precor
880 3834 917 3891 ut
944 3826 1050 3892 indies
1101 3826 1256 3890 stantiam
1280 3846 1377 3909 quam
1400 3827 1462 3909 ipsi
1486 3827 1627 3892 ministri
1650 3835 1844 3907 sperassent.
1890 3827 2074 3892 Nonnullos

77 3913 184 3993 magis
206 3934 244 3977 ac
265 3912 371 3995 magis
400 3912 521 3977 sanctis
543 3912 608 3976 tuis
637 3912 803 3978 laboribus
827 3912 996 3977 benedicat
1017 3922 1051 3977 et
1102 3923 1211 3975 tamen
1240 3911 1406 3993 superavit
1435 3933 1509 3978 caro
1538 3915 1574 3976 in
1604 3919 1696 3975 tanta
1718 3911 1936 3976 multitudine.
1981 3914 2074 3978 luter

77 4007 111 4059 te
129 4017 208 4061 suae
226 3998 380 4063 ecclesiae
398 3997 453 4061 diu
471 4006 581 4062 servet
599 3998 805 4063 incolumem.
838 3997 1050 4080 Valeoptime
1101 4005 1244 4062 caeteras
1273 3997 1396 4061 eminet
1425 4001 1608 4061 constantia
1631 3999 1670 4061 D.
1696 3998 1733 4060 de
1759 3997 1959 4082 Rentiyny,⁰)
1991 4021 2073 4081 quae

78 4080 228 4148 salutatis
250 4081 401 4148 omnibus
419 4083 560 4166 collegis.
593 4083 750 4149 Salutant
771 4094 803 4148 te
826 4085 1050 4149 amantissime
1102 4082 1243 4148 oblatam
1263 4083 1394 4147 veniam
1412 4083 1587 4147 fortissime
1606 4082 1647 4147 ad
1665 4084 1753 4147 hunc
1771 4083 1858 4146 diem
1877 4083 2071 4166 repudiavit.

77 4169 181 4317 171an
215 4189 346 4319 οιιζιεε,
373 4170 572 4251 praesertim
606 4190 687 4234 uxor
720 4190 801 4234 mea.
853 4168 1050 4235 lausannae
1101 4167 1143 4232 D.
1166 4169 1204 4232 de
1227 4168 1443 4252 bonejamean
1456 4171 1484 4245 ⁷)
1513 4179 1628 4234 contra
1649 4166 1735 4251 quod
1756 4168 1812 4233 illa
1834 4171 1998 4235 recusavit
2020 4192 2072 4235 ar-

100 4303 107 4317 .
159 4275 282 4318 ovem.

565 4390 656 4454 Tuus
679 4391 799 4455 Petrus
822 4391 963 4456 Visetug,
1102 4389 1193 4444 2754.
1207 4390 1235 4452 l)
1254 4389 1302 4443 Ea
1321 4390 1472 4443 Germania
1488 4390 1576 4443 redae
1594 4392 1684 4443 atatim
1702 4406 1731 4443 eo
1750 4406 1777 4443 se
1795 4389 1939 4444 ecrrtulisse
1957 4390 2072 4445 videtur.

82 4476 281 4487 -·-···-·-
1203 4458 1233 4518 2)
1251 4460 1300 4528 qai
1317 4462 1347 4511 in
1367 4459 1543 4512 Germaniam
1558 4459 1675 4525 profecti
1691 4466 1761 4513 sunt.

1203 4526 1232 4596 3)
1255 4528 1398 4581 Lutetiam.

181 4575 211 4632 ²l
229 4576 269 4631 N·
286 4575 362 4658 ²⁷39·
967 4650 972 4660 ,
1074 4629 1076 4655 .
1202 4595 1232 4664 4)
1250 4595 1388 4649 Carmelus
1412 4596 1535 4649 mirriater
1557 4613 1601 4663 arr.
1627 4598 1796 4649 Parisiences
1821 4598 1919 4660 optime
1941 4600 2072 4664 potuisset

180 4645 210 4709 3)
230 4646 307 4700 3⁰⁶⁶
324 4663 354 4698 Μ
372 4645 904 4714 ⁶P·m⁰d⁰1⁰“dal“f?“³²'⁰t“⁰0f⁶⁸·
939 4648 1050 4702 Vident?
1100 4670 1125 4718 et
1143 4671 1241 4718 statum
1265 4681 1355 4717 rerum
1378 4680 1510 4732 exponere
1527 4671 1552 4717 et
1569 4666 1670 4718 auxilii
1690 4665 1798 4729 terendi
1821 4668 1880 4718 eius
1905 4670 2022 4733 aperire,
2047 4669 2073 4718 si

78 4713 173 4783 aliqua
198 4715 332 4794 recentior
355 4714 540 4783 intercidisse,
566 4730 621 4783 qao
651 4712 782 4768 Calvinae
814 4715 904 4770 Vireto
933 4716 1050 4771 Senatus
1102 4734 1211 4787 Bm,
1227 4734 1370 4796 adama.

79 4781 244 4837 amemus
260 4784 413 4865 tumorem
431 4784 461 4835 a
480 4800 539 4836 eun
557 4785 677 4836 aarum
695 4782 890 4837 sectaremur.
996 4856 1000 4864 ,
1202 4802 1232 4864 a)
1252 4802 1355 4856 urano.
1381 4802 1522 4855 antestes
1540 4808 1564 4852 a
1586 4802 1657 4854 rma
1686 4801 1827 4855 manetur.
1854 4802 1993 4872 (manns
2009 4803 2070 4873 rto,

143 4849 209 4932 ..⁴)
230 4851 370 4933 Rectene
393 4854 506 4914 meunt
529 4868 618 4907 emam
639 4851 741 4904 smum
760 4852 787 4905 d·
804 4851 829 4904 9·
848 4853 929 4919 Nor.
951 4854 1050 4922 marm
1101 4871 1174 4924 Hirr.
1193 4871 1253 4925 ear.
1272 4871 1293 4924 1.
1314 4869 1364 4923 132
1382 4879 1405 4923 a
1423 4886 1508 4937 suma
1527 4869 1565 4925 u.
1584 4869 1673 4935 aare.)
1713 4869 1769 4939 om
1784 4869 1826 4923 aa.
1849 4872 1904 4924 (m.
1922 4874 2070 4935 pereum.

78 4919 182 4973 aadnrs
197 4936 247 4987 per
257 4937 386 4974 nuncium
396 4921 566 4975 Laurannue
578 4927 760 4975 transeuntem
772 4919 806 4972 25
819 4929 937 4975 scutatos
951 4937 1049 4976 aureos
1100 4939 1172 4993 Ant,
1189 4954 1233 4994 20,
1251 4938 1275 4992 2,
1296 4938 1353 4994 σοι,
1373 4939 1434 4992 Nic,
1454 4940 1477 4991 z,
1497 4940 1565 4992 cm
1583 4939 1701 4992 ‚massus
1718 4945 1742 4992 ει
1760 4939 1834 4993 pm,
1857 4940 1969 4993 aaran.

76 4991 210 5042 mmm
236 4990 329 5043 Vm·
1196 4999 1231 5072 a)
1250 5008 1304 5060 ulle
1328 5008 1362 5060 du
1381 5007 1421 5061 Sr.
1442 5007 1476 5060 dc
1494 5009 1686 5070 Rambouitlet,
1703 5008 1801 5077 iponse
1821 5008 1857 5060 du
1882 5008 2018 5062 chevalier
2036 5008 2069 5062 dc

1100 5079 1235 5146 Itentigny
1261 5079 1387 5145 enseigne
1412 5077 1448 5128 du
1473 5077 1524 5130 duc
1548 5079 1581 5129 de
1600 5077 1688 5130 Guise.
1726 5077 1785 5139 tDe
1808 5076 1890 5130 Tam.
1914 5075 1955 5130 e'd.
1979 5077 2016 5142 fr.
2035 5079 2069 5132 ll.

468 5215 669 5226 w*
1071 5200 1073 5247 ἱ
1099 5144 1173 5211 531.)
1201 5143 1506 5279 vg'ffeebqeqepwblbi.
1545 5147 1665 5200 arsiam
1682 5160 1739 5214 epp.
1763 5146 1872 5199 Caluini
1889 5146 1927 5197 ud
1944 5161 2012 5199 enm.

183 5296 290 5352 Caluini
304 5313 397 5365 opera.
436 5298 492 5353 Vol.
510 5297 592 5352 XVI.
1833 5301 1866 5352 tt
