4688 5902
79 307 143 368 453
951 305 1032 366 1557
1056 302 1210 367 APRIL.
2013 311 2078 371 454

79 489 276 557 testimoniis
305 489 482 554 confutare.
534 490 619 553 Nam
650 491 790 571 scriptor
814 490 915 555 libelli
942 490 1048 554 Fran·
1103 489 1293 555 Clarissimo
1315 491 1358 555 D.
1388 490 1582 576 Heinryeho
1613 490 1802 575 Bullingero
1826 493 2003 576 'ligurinae
2026 515 2080 560 ec·

80 576 292 642 cofordiensis
321 585 432 657 postor
465 585 516 639 est
544 577 800 641 sacrificulorum
833 579 866 640 in
896 577 1050 657 primario
1102 576 1219 641 clasiae
1241 576 1364 657 pastori
1389 575 1579 641 fidelissimo
1606 577 1738 642 domino
1769 592 1802 643 et
1830 582 1989 661 compatri
2018 603 2079 645 suo

79 662 213 744 templo,
236 662 408 726 51555555
431 672 463 723 ct
485 660 649 726 educatus.
697 663 824 725 Procliit
846 662 943 725 etiam
967 667 1051 744 epis·
1349 662 1575 728 colendissimo
1599 673 1633 727 et
1650 663 1825 729 carissimo.

80 747 149 813 5515
178 748 336 829 quaedam
362 744 578 811 admonitoria
609 746 766 811 Ioaohimi
808 747 975 828 Weslplccll
1011 747 1053 811 ad

81 835 230 906 eonsules
252 834 534 914 55555115515515
551 837 897 910 55551555555551)
921 835 1052 914 scripta,
1102 867 1687 880 —————————
1782 871 1823 880 -
1846 875 1886 883 -
1916 873 1951 882 --
1970 874 2011 884 -
2035 872 2079 885 -

81 923 173 1002 prius
198 920 296 982 latine
319 940 407 982 nuno
429 919 525 981 etiam
539 921 724 1001 germanice
746 940 851 994 versa,
864 919 963 1001 idque
982 939 1055 982 nos·
1107 954 1143 963 -
1170 954 1206 962 ·-
1228 917 1362 982 Domini
1384 939 1405 981 5
1433 918 1532 984 Lusco
1560 919 1711 999 literas¹)
1736 920 1853 1002 accepi,
1877 942 1959 1004 quas
1981 920 2022 985 ad
2044 930 2083 988 55

80 1017 133 1069 tra
156 1003 294 1067 dialecto
316 1005 408 1067 cuius
427 1002 637 1088 Wetlplralum
655 1006 806 1069 novimus
829 1024 900 1068 esse
922 1025 1054 1085 prorsus
1105 1004 1244 1085 scripsit,
1278 1010 1311 1068 et
1339 1024 1477 1086 magnas
1506 1025 1568 1088 ago
1602 1005 1660 1070 cibi
1686 1007 1807 1088 gratias
1830 1005 1915 1088 quod
1944 1007 2079 1072 illarum

80 1092 242 1170 ignartrm.
288 1089 384 1154 Unde
409 1091 555 1170 suspicor
577 1091 630 1153 hie
652 1112 722 1154 esse
745 1111 874 1155 versam
896 1099 929 1153 et
951 1091 985 1153 in
1005 1090 1053 1152 vi·
1105 1089 1275 1170 exemplar
1296 1089 1375 1152 mihi
1401 1091 1641 1156 communicare
1666 1091 1820 1174 dignatus
1847 1092 1900 1155 sis.
1945 1093 2081 1157 Gaudo-¹

81 1178 194 1242 cinum
217 1175 405 1257 oppidulum
434 1177 484 1239 551
514 1195 634 1239 55555
660 1175 791 1241 Ursella
818 1171 1054 1249 essc'missam,
1105 1197 1179 1239 mus
1201 1195 1301 1255 supra
1334 1173 1466 1239 modum
1502 1174 1649 1257 Philippi
1674 1188 1708 1239 ct
1729 1176 1865 1241 aliorum
1889 1177 2014 1243 animos
2036 1179 2078 1243 ad
2189 1179 2195 1191 '

82 1262 139 1327 ubi
161 1282 268 1324 novus
290 1261 422 1340 qnidam
445 1261 669 1343 typographus
691 1282 710 1324 a
732 1282 785 1325 me
808 1272 884 1325 ants
906 1261 1054 1325 triduum
1106 1260 1312 1325 concordiam
1336 1272 1403 1323 tam
1421 1281 1690 1343 esseprcpensos.
1726 1262 1841 1327 Placet
1862 1263 1961 1327 etiam
1983 1264 2077 1328 nobis

81 1360 276 1427 conspectus
294 1347 536 1411 illamexcudit.
571 1347 656 1410 Mihi
669 1347 801 1410 videtur
813 1346 939 1411 nullum
953 1346 1055 1427 scrip·
1109 1344 1688 1425 Ρ555551151115155]5555551555.
1734 1348 1815 1413 Plus
1832 1348 1990 1413 efficietur
2011 1350 2078 1431 pri·

82 1443 154 1497 tum
196 1432 397 1514 amplissimo
422 1431 550 1496 senatui
579 1442 690 1496 nostro
726 1433 973 1513 ignominiosius
1004 1431 1057 1495 edi
1107 1442 1184 1494 vato
1207 1433 1365 1495 bonorum
1384 1441 1416 1495 et
1428 1430 1595 1495 doctorum
1608 1433 1779 1497 hominum
1790 1433 1957 1516 colloquio.
1980 1455 2078 1516 quam

82 1518 238 1601 potuisse.
286 1520 457 1599 Repetitur
485 1518 569 1581 cuim
601 1519 667 1582 illic
689 1519 837 1599 Epistola
863 1518 993 1582 Lulberr'
1015 1517 1055 1581 ad
1108 1519 1134 1582 si
1158 1517 1238 1580 illud
1261 1518 1445 1598 principum
1473 1518 1601 1599 publico
1619 1520 1750 1582 nomine
1768 1528 1859 1582 55555
1880 1532 1914 1584 55
1935 1519 2077 1584 celebre·

82 1605 378 1668 Francolnrtenses
411 1611 524 1668 contra
556 1604 779 1686 Zwinglianos
812 1604 890 1667 olim
924 1604 1055 1684 scripta.
1108 1615 1170 1666 tur.
1215 1601 1369 1666 Liberius
1398 1603 1450 1667 hic
1475 1604 1704 1667 tractabuntur
1732 1605 1841 1668 omnia
1865 1615 1899 1669 ct
1922 1605 2024 1669 animi
2043 1627 2078 1670 se

83 1691 251 1754 Ecclesiae
285 1689 476 1771 peregrinae
509 1711 583 1753 cum
616 1689 800 1754 doctoribus
833 1701 866 1754 et
899 1689 1056 1752 ministris
1108 1689 1205 1752 latius
1228 1689 1376 1768 aperient
1393 1690 1446 1769 551
1470 1688 1551 1752 alias
1574 1689 1755 1771 principum
1775 1703 1809 1752 et
1825 1690 2079 1773 magistratuum

83 1777 153 1841 suis
183 1775 381 1839 damnantur
409 1775 579 1840 haereseos
607 1788 638 1838 et
671 1789 838 1840 extremae
871 1775 1055 1855 impietatis.
1108 1775 1281 1839 autoritate
1299 1775 1464 1838 constricti
1477 1795 1544 1837 non
1555 1774 1731 1851 audebunt,
1743 1795 1825 1857 5555
1843 1777 1955 1840 ausuri
1974 1786 2080 1853 erunt,

84 1861 248 1925 Obiicitur
262 1859 529 1941 prudentissimis
547 1861 686 1924 dominis
706 1863 827 1925 nostris
845 1861 929 1942 quod
952 1862 985 1923 iu
999 1879 1058 1923 sua
1108 1862 1163 1925 ubi
1187 1883 1226 1923 ex
1250 1859 1359 1922 liberis
1388 1859 1596 1924 conscientiis
1626 1859 1665 1923 de
1688 1860 1789 1923 solius
1808 1882 1909 1941 purae
1933 1861 2081 1928 veritatis

85 1949 217 2011 civitate
248 1946 410 2010 morbidas
442 1946 1056 2027 555555155155115555555515515-
1108 1947 1288 2009 assertione
1324 1957 1449 2027 agetur.
1504 1944 1626 2009 Subest
1655 1945 1783 2026 quidem
1815 1946 1895 2010 illud
1935 1947 2080 2029 periculi,

85 2046 186 2097 veant
204 2054 240 2095 55
264 2031 590 2114 5555515555511555
613 2035 700 2115 passi
723 2034 789 2097 sint
807 2033 1058 2114 antesignanum
1109 2032 1194 2112 quod
1206 2032 1400 2095 morosiores
1413 2031 1627 2113 magistratus
1638 2031 1786 2095 fortassis
1809 2032 1954 2113 iniquius
1966 2035 2081 2110 ferent,

85 2118 247 2200 quendam
261 2118 588 2182 sacramentariorum
613 2119 731 2182 nostris
752 2119 971 2202 typographis,
985 2138 1057 2198 prc-
1108 2116 1188 2180 illud
1213 2117 1367 2198 privatim
1390 2116 1481 2198 agia
1503 2117 1578 2180 suis.
1614 2115 1681 2180 Sed
1702 2117 1809 2180 ferant
1831 2118 2072 2198 quomodolibet

85 2204 127 2268 lis
148 2227 185 2267 55
205 2204 431 2286 typographia,
464 2225 546 2284 quae
575 2205 739 2286 singulare
770 2203 833 2267 Dei
862 2202 982 2266 donum
1006 2203 1058 2271 sit,
1108 2201 1203 2265 modo
1238 2203 1357 2265 veritas
1387 2205 1497 2266 vincat
1525 2213 1558 2266 et
1586 2208 1782 2284 promoveat.
1807 2210 1810 2214 ⁴
1840 2203 1983 2267 Multum
2012 2226 2082 2288 ego,

86 2292 186 2356 abuti.
234 2291 383 2353 Arbitror
413 2288 486 2371 plus
521 2289 611 2352 mille
640 2290 840 2371 exemplaria
863 2288 951 2352 hisco
973 2309 1057 2351 nun·
1109 2296 1197 2352 certe
1219 2309 1287 2369 sper
1305 2289 1447 2369 concepi.
1494 2288 1539 2351 Et
1572 2288 1723 2369 quamvis
1742 2288 1870 2369 privata
1891 2289 1949 2353 illa
1970 2291 2083 2355 futura

86 2377 172 2440 dinis
195 2397 265 2439 5555
288 2376 450 2439 distracta.
485 2375 618 2440 Utinam
642 2374 722 2438 5555
745 2377 841 2439 sciret
859 2374 1058 2438 reverendus
1111 2375 1173 2437 erit
1197 2373 1366 2438 doctorum
1389 2375 1569 2447 conventio,
1600 2373 1777 2456 plurimum
1802 2384 1912 2439 tamen
1936 2384 1969 2438 et
1997 2376 2083 2440 forte

85 2460 129 2524 D.
148 2462 194 2525 Io.
218 2484 239 2522 a
261 2462 369 2534 55555,
394 2461 448 2542 551
472 2462 643 2543 praecipue
666 2461 699 2524 in
722 2470 902 2525 memorata
923 2458 1059 2541 epistola
1111 2460 1184 2541 5155
1203 2481 1299 2541 quam
1319 2461 1345 2522 si
1358 2459 1486 2542 publica
1496 2469 1583 2523 osset
1593 2459 1778 2524 autoritatis
1796 2459 1880 2542 apud
1902 2460 2083 2543 plerosquo,

85 2549 255 2629 pungitur,
286 2546 439 2610 adiuncta
461 2547 609 2610 Polonioi
638 2548 726 2629 regis
748 2548 922 2610 mentione.
968 2544 1059 2608 Deus
1111 2547 1274 2628 principes
1303 2547 1401 2608 etiam
1444 2545 1540 2619 viros,
1569 2542 1736 2608 obtinebit.
1786 2546 1839 2609 De
1872 2546 2083 2620 nostratibus,

86 2636 291 2714 omnipotens
315 2634 396 2695 haec
418 2633 503 2696 mala
525 2641 633 2695 vertat
663 2633 696 2695 in
719 2632 821 2695 divini
845 2631 987 2695 nominis
1008 2631 1059 2694 sui
1112 2631 1234 2696 scilicet
1268 2631 1456 2707 Helveticis,
1486 2629 1629 2695 ecclesiis
1658 2652 1743 2694 unus
1766 2630 1846 2694 mihi
1869 2639 1970 2695 restat
1992 2652 2083 2697 scru-

87 2719 225 2803 gloriam
260 2728 292 2781 ct
328 2718 428 2781 totius
464 2719 658 2800 reipublicae
682 2719 881 2781 christianae
911 2716 1058 2781 salutent.
1112 2717 1220 2798 55155,
1243 2718 1314 2797 5515
1337 2718 1422 2779 51551
1441 2717 1551 2797 possit,
1571 2725 1605 2779 55
1626 2725 1664 2778 55
1685 2717 1853 2779 commode
1876 2716 1936 2781 hoc
1958 2738 2084 2798 quoque

86 2803 173 2869 Vale
202 2804 387 2868 iblicissime
418 2807 521 2867 nostri
550 2825 673 2867 memor
704 2824 776 2867 cum
805 2804 955 2867 omnibus
986 2803 1058 2866 tuis.
1113 2804 1178 2866 fiat.
1221 2803 1267 2864 Te
1285 2803 1417 2866 omuino
1434 2800 1730 2876 interessevellem,
1749 2801 1914 2884 sedquam
1933 2822 2083 2886 nonpos-

86 2892 117 2955 E
140 2891 252 2955 555515
271 2890 361 2954 urbis
383 2890 420 2953 F.
446 2898 491 2953 15.
513 2889 636 2972 Aprilis
659 2910 745 2954 anno
767 2887 901 2951 Domini
929 2892 1017 2950 1557.
1115 2889 1160 2951 515
1183 2889 1252 2951 5155
1282 2889 1496 2968 magistratus
1526 2887 1701 2950 autoritate
1733 2887 1795 2951 hoo
1817 2888 1961 2952 muneris
1983 2889 2084 2953 susci·

1113 2994 1200 3054 perc,
1224 2994 1289 3036 non
1313 2974 1437 3055 ignoro.
1479 2973 1573 3054 Rogo
1598 2993 1685 3055 ergo,
1709 2984 1747 3035 55
1769 2970 1902 3051 scribas,
1924 2972 2002 3054 quid
2025 2974 2085 3038 tibi

1115 3057 1168 3123 hic
1191 3058 1350 3121 videatur.
1394 3059 1444 3120 De
1473 3059 1595 3121 nostris
1624 3056 1790 3122 Masculus
1818 3080 1883 3122 non
1912 3072 1999 3123 esset
2024 3058 2086 3122 ini-

1115 3144 1247 3216 doneus,
1270 3156 1329 3207 aut
1361 3143 1491 3220 Virelus,
1512 3143 1562 3207 vel
1585 3142 1682 3207 Bere.
1718 3142 1869 3208 05151555
1886 3143 1963 3208 5515
1985 3164 2086 3227 nego·

1115 3234 1160 3293 tio
1183 3251 1249 3293 non
1274 3230 1385 3305 deerit,
1404 3229 1461 3291 sed
1483 3249 1544 3311 ego
1556 3228 1728 3293 Gallorum
1747 3230 1887 3312 ingeniis
1904 3250 1970 3293 non
1993 3250 2085 3311 pror·

1115 3337 1170 3379 sus
1189 3312 1262 3378 fido.
1299 3315 1427 3377 Petrum
1455 3314 1630 3396 Martyrem
1650 3312 1712 3376 tibi
1734 3315 1946 3379 coniunctum
1970 3314 2084 3379 velim:
2131 3374 2133 3376 ,

1114 3411 1153 3463 55
1180 3402 1268 3464 55155
1291 3415 1411 3482 ageret,
1442 3401 1552 3465 nescio
1582 3421 1678 3481 quam
1713 3397 1890 3482 expediret.
1944 3397 2085 3464 Sullaero

1116 3487 1184 3567 (qui
1207 3508 1241 3550 so
1261 3498 1369 3549 tamen
1394 3487 1513 3566 ubique
1534 3485 1751 3558 intramiscet‚
1783 3507 1846 3549 non
1870 3485 2086 3567 eliceretque

996 3644 998 3647 ,
1115 3570 1275 3649 Bucerus)
1298 3592 1362 3634 non
1387 3571 1461 3646 fido,
1485 3570 1586 3652 (apud
1609 3583 1643 3634 ta
1664 3570 1791 3652 loquor)
1813 3584 1847 3634 et
1869 3569 1968 3634 velim
1991 3571 2086 3635 illum

528 3639 626 3709 2619·
1115 3656 1226 3737 procul
1249 3658 1360 3720 abesse
1380 3658 1420 3719 ab
1451 3656 1539 3720 hisce
1570 3659 1715 3738 negotiis.
1766 3655 1890 3720 Vereor
1918 3656 2015 3734 enim,
2045 3676 2086 3719 ne

276 3795 530 3862 HALLERUS
564 3791 882 3860 noanneane
1115 3742 1424 3891 ttttltlttl?
1458 3741 1960 3910 tgtrtllt·nlttltttlt
1980 3751 2087 3891 tlt

175 3971 226 4036 De
244 3968 377 4048 petrola
398 3966 603 4049 theologorum
631 3965 790 4045 colloquiis
810 3962 884 4042 plus
908 3963 975 4044 apel
997 3981 1064 4026 coa·
1115 3912 1348 4063 {lffihfflffi
1372 3923 1576 4080 11ξέθὲῃέζὲ
1575 3913 1687 4063 ἰέῧὶθέἐ
1713 3924 1934 4061 ἕζοξέοῑέῧθ
1955 3911 2085 4061 gssffi

89 4057 166 4138 ctpu
188 4055 339 4135 quamde
361 4055 494 4132 lisquae
516 4052 764 4132 subpriruipum
785 4049 1063 4130 elmapislroluum
1117 4119 1735 4132 ----------
1763 4083 1893 4147 Romae
1916 4086 1966 4144 Ἦ.
1991 4043 2087 4163 Apri-⁸

83 4143 216 4226 5551155
243 4141 407 4204 5515515555
431 4138 628 4202 celebrantur.
673 4139 775 4218 Atque
802 4134 971 4232 55155551
999 4134 1064 4197 iam
1115 4170 1155 4234 lis
1182 4174 1271 4232 1557·

88 4231 138 4293 ita
159 4227 300 4308 indulget
321 4230 355 4288 ul
376 4224 422 4289 vel
440 4226 523 4288 circs
540 4224 678 4305 desiccet
699 4242 775 4304 quos
786 4221 918 4286 adtolle
939 4219 1063 4284 teloneos

83 4319 189 4397 pulul-
1684 4305 1775 4370 Ioan.
1802 4304 1890 4370 Hali.
1914 4313 1998 4369 tuus.

368 3026 460 3091 'l'uus
483 3025 528 3090 10.
552 3025 691 3107 Cnipius
707 3027 731 3099 ⁷)
757 3025 1020 3090 Andarnaconsis

492 3112 758 3195 Gymnasiarchc
787 3110 875 3175 urbis
896 3111 935 3174 F.

88 4484 270 4551 (Excerplum
291 4498 324 4534 ex
353 4480 520 4602 autographo
541 4479 619 4532 Areh.
644 4479 733 4531 Turio.
758 4478 827 4532 Pint.
847 4476 892 4529 vl.
916 4437 979 4528 lot.
1004 4473 1062 4540 115,
1115 4475 1203 4528 asle.
1219 4474 1248 4539 1)
1268 4475 1304 4529 N.
1322 4474 1399 4530 2555.

88 4553 156 4606 olim
174 4552 259 4606 Seria.
279 4552 309 4603 B.
329 4551 397 4619 l'lpp
439 4567 489 4602 om.
501 4548 573 4603 VIII.
590 4549 636 4600 151.
654 4546 731 4602 2963.
751 4574 782 4583 —
802 4547 907 4600 Simler.
926 4541 1062 4607 175189.)

193 4807 221 4874 6)
240 4808 291 4860 Eia
310 4807 464 4860 christliche
483 4805 536 4857 und
557 4804 686 4858 55511555
696 4802 833 4871 Warnung
852 4801 1064 4856 (1158555555-

88 4883 160 4932 tircr
177 4879 328 4944 balangcnd
348 4877 449 4943 gcschr.
470 4892 503 4926 an
522 4874 574 4925 den
593 4873 736 4927 Ehrbaren
755 4871 827 4925 Rath
846 4888 878 4924 au
896 4871 972 4924 Fut.
990 4889 1014 4924 a.
1028 4871 1062 4923 Μ.

88 4949 173 5002 Ursel
194 4946 267 5000 1557.
290 4947 314 5001 4.

196 5015 225 5080 l)
245 5017 321 5068 1555
338 5014 421 5068 lutici
446 5014 575 5079 cruciator
603 5011 641 5064 ad
662 5009 869 5064 carmelitarum
888 5007 976 5060 cedes.
1012 5007 1065 5060 Eia

87 5092 169 5140 sonst
195 5085 332 5153 gelehrtor
359 5083 414 5133 und
440 5080 601 5133 furnemlich
625 5080 653 5132 in
676 5078 726 5131 der
748 5077 844 5129 Poesic
868 5076 1064 5129 excellircnder

88 5156 146 5209 und
166 5155 253 5221 dohey
264 5154 324 5205 dem
335 5151 498 5204 Calvinismo
513 5166 561 5218 gar
573 5147 637 5201 sehr
646 5147 795 5216 ergshensr
804 5146 911 5198 Rector.
930 5143 1063 5209 (Gruadl

88 5223 265 5288 Ahlerltrruap
280 5237 308 5289 p.
328 5220 387 5288 106,
406 5224 429 5284 5.
447 5218 480 5270 16
499 5225 528 5270 r'rr
548 5216 629 5282 Frles.
652 5215 708 5270 Rel.
729 5214 814 5268 Haut
838 5213 867 5267 T.
886 5212 929 5265 11.
