4688 5910
270 294 332 356 tot
1099 287 1326 357 EPlsuOLA
1348 290 1429 352 2762
2190 292 2249 352 708

271 477 333 577 sub
360 483 507 556 ooenam)
558 477 641 543 rima
672 475 743 543 luee
763 497 824 543 nos
845 476 1009 545 absolutos
1030 474 1162 545 domam
1185 499 1236 543 re·
1287 473 1369 540 duae
1390 494 1449 573 per
1475 495 1510 540 se
1536 471 1764 552 dissolventur,
1791 481 1825 539 et
1854 477 2250 542 neoessarioevanesoent

273 560 342 643 due
372 562 475 630 iussit
551 582 589 628 oo
618 563 705 627 enim
733 584 824 641 onus,
853 562 966 644 inquit,
995 561 1031 627 in
1055 582 1109 629 rue
1129 562 1237 632 libens
1287 567 1321 626 et
1350 559 1562 642 ubiquitatem
1591 557 1684 624 illam
1711 580 1806 644 sporo
1827 580 2005 643 perpauoos
2027 569 2182 642 patronos
2201 561 2250 625 in·

270 646 400 730 meipio,
439 647 585 730 daboque
626 667 767 730 operam,
800 659 837 714 ιιι
865 667 977 715 omnes
1013 646 1113 732 legati
1143 647 1238 714 brevi
1288 651 1468 711 venturam.
1502 644 1571 710 Cur
1593 654 1702 711 autem
1724 644 1759 709 id
1772 666 1908 728 sperem,
1928 665 1983 710 eas
2005 666 2121 712 musas
2138 645 2248 724 habeo,

272 732 416 815 Mompel
476 732 553 798 dum
576 733 782 809 eonveniant,
804 731 943 815 indeque
964 739 1052 798 reeta
1073 753 1147 798 oum
1166 754 1236 799 oer-
1286 749 1366 814 quas
1394 729 1507 796 malim
1533 729 1625 795 vobis
1652 750 1806 813 praesens
1836 729 2008 813 explioare,
2037 739 2126 796 oerte
2148 731 2250 796 nemi·

270 818 314 888 us
340 837 417 883 man
461 818 503 889 tis
531 838 572 883 ox
602 819 703 882 animi
727 818 827 884 vestri
854 817 1015 883 sententia
1042 817 1082 883 ad
1109 818 1234 902 Regem
1286 837 1361 881 nem
1400 814 1588 882 invenimus
1624 816 1681 898 qui
1717 825 1862 882 nostram
1895 816 1984 880 illam
2018 817 2250 882 oonlossioneai

272 901 479 975 contendant.
531 901 627 983 Quod
657 914 768 968 autem
797 901 838 967 ad
871 901 1078 984 Bipoutinum
1107 904 1234 983 attinet,
1286 901 1378 966 nobis
1400 902 1493 983 quasi
1514 909 1644 979 nestrae
1665 903 1871 968 eonsensioni
1879 904 1923 977 ²⁰)
1936 910 2174 986 inpugnantem
2196 901 2249 966 ob·

270 989 432 1069 quoniam,
459 988 495 1052 in
517 989 574 1065 uit,
596 987 792 1072 eogeremini
814 988 891 1053 satis
921 987 1033 1070 prooul
1055 989 1234 1067 defleotere,
1285 987 1406 1064 iieeret,
1429 993 1487 1050 aut
1508 987 1563 1068 qui
1585 984 1679 1050 alitor
1701 1005 1771 1051 eam
1795 988 1955 1069 aeoeperit
1976 988 2137 1070 quamsit
2158 1007 2249 1051 auo·

270 1091 331 1138 neu
350 1072 464 1145 dubito
493 1010 532 1139 de
562 1073 665 1155 ipsius
696 1073 874 1151 voluntate,
904 1072 966 1139 hoo
987 1094 1113 1157 qnoque
1135 1094 1234 1158 nego·
1285 1072 1343 1148 bis,
1362 1070 1396 1135 id
1418 1079 1520 1150 esta
1548 1067 1585 1135 D.
1617 1069 1744 1138 Feralia
1772 1081 1805 1136 et
1831 1094 1924 1138 amo
1951 1072 2072 1155 seripta
2093 1082 2128 1137 et
2149 1093 2249 1156 nuper

270 1157 355 1223 tium
386 1159 502 1224 seitote
527 1178 580 1222 me
613 1156 786 1242 diligenter
811 1167 1011 1224 ouraturum.
1054 1157 1115 1236 Ita,
1139 1159 1235 1224 venia
1284 1156 1411 1239 plenius
1434 1154 1522 1222 vobis
1543 1156 1712 1238 explioeta.
1742 1156 1838 1238 Quod
1859 1157 1888 1224 si
1905 1178 1947 1223 ex
1969 1156 2249 1240 praefrueuoribus

271 1243 312 1308 ab
339 1263 377 1307 eo
405 1252 545 1327 uoeepta,
578 1241 776 1310 brevissimis
807 1243 979 1310 itineribus
1008 1243 1234 1326 Argentinam,
1284 1241 1375 1307 illam
1396 1240 1529 1323 posthae
1551 1242 1643 1308 nobis
1663 1241 1848 1320 obiecerint,
1871 1251 2019 1308 nostrum
2041 1262 2161 1325 nempe
2182 1243 2248 1307 fue·

270 1326 347 1393 inde
385 1328 549 1395 Basileam
588 1338 620 1393 et
655 1327 784 1393 domum
825 1330 956 1393 tandem
994 1329 1137 1412 singuli,
1170 1328 1235 1393 Dei
1285 1326 1329 1391 rit
1355 1326 1445 1391 illem
1471 1328 1694 1410 interpretari:
1729 1327 1813 1410 quod
1842 1327 1972 1411 quidem
2001 1329 2047 1392 ita
2085 1328 2247 1405 faeiemus,

271 1413 386 1496 gratia
407 1413 491 1480 salvi
516 1418 732 1496 pervenimus.
746 1416 788 1490 ¹⁶)
831 1412 921 1481 Haeo
952 1420 1002 1480 est
1029 1421 1160 1480 nostrae
1187 1414 1233 1479 lo-
1285 1413 1378 1476 sisit
1400 1433 1492 1494 opus,
1512 1420 1550 1477 ut
1571 1434 1644 1477 eam
1666 1411 1786 1495 liquido
1811 1421 1965 1496 apparent
1988 1434 2054 1478 non
2076 1411 2172 1478 modo
2193 1433 2248 1495 pro

270 1499 411 1589 gationis
429 1519 565 1577 summa,
595 1499 688 1564 euius
717 1498 841 1564 exitum
868 1507 1015 1581 superest
1036 1506 1073 1563 ut
1094 1497 1234 1565 assiduis
1284 1496 1349 1562 illis
1371 1519 1437 1565 non
1458 1497 1574 1574 faeere,
1596 1495 1652 1563 sed
1676 1506 1786 1583 aperte
1814 1498 1913 1563 etiam
1934 1498 1992 1562 illa
2013 1499 2184 1581 superiora
2200 1518 2247 1562 er-

270 1584 419 1668 preoibus
435 1583 509 1650 Deo
530 1583 800 1650 oommendemus.
1284 1590 1357 1648 rata
1385 1582 1577 1649 convellere.
1628 1581 1695 1648 Sed
1723 1583 1827 1648 multo
1856 1583 1990 1649 meliora
2007 1604 2111 1667 spero.
2154 1582 2247 1660 Nam,

356 1668 531 1736 Caeterum
553 1670 743 1751 quoniame
764 1666 856 1734 vobis
879 1668 1078 1736 diseedentes
1100 1669 1233 1752 pollioiti
1284 1676 1322 1732 nt
1343 1669 1456 1752 paucis
1478 1666 1653 1745 absolvam,
1686 1668 1902 1752 oomperimus
1932 1667 2200 1734 eandidissimum
2216 1668 2248 1733 in

271 1776 411 1834 eramus,
440 1762 608 1820 curaturos
635 1775 704 1830 nos,
741 1766 776 1818 ιιι
802 1762 914 1820 nostre
937 1754 994 1819 illa
1021 1754 1180 1820 oonlessio
1191 1757 1233 1834 19)
1284 1752 1349 1819 illis
1372 1754 1527 1832 animum,
1550 1773 1686 1836 quorum
1705 1774 1834 1819 summa
1855 1766 1905 1819 est
1926 1755 2049 1838 optimo
2069 1754 2142 1818 iure
2165 1753 2248 1836 apud

270 1841 397 1924 plenius
414 1840 641 1922 exphoaretur,
656 1839 911 1921 nehooquidem
932 1844 983 1905 est
1004 1839 1233 1923 anobisprae·
1284 1859 1396 1904 omnes
1423 1838 1533 1904 dootos
1561 1839 1728 1911 autoritas,
1766 1859 1867 1922 eaque
1894 1841 2038 1921 ipsorum
2068 1859 2124 1904 ore
2152 1838 2248 1903 verbs

271 1927 466 2003 termissum,
494 1946 595 2008 quum
623 1924 742 1989 diserto
769 1924 1002 2008 seripserimus,
1034 1945 1093 1990 nos
1115 1926 1233 1991 artieu·
1284 1922 1475 2001 audivimus,
1504 1944 1586 2005 quae
1617 1944 1708 2005 spem
1740 1925 1833 1989 nobis
1855 1927 2010 2007 optimam
2033 1925 2164 2003 faeiant,
2186 1945 2248 1989 non

271 2010 339 2076 lum
364 2030 481 2078 ooenae
502 2009 661 2093 exeipere,
683 2010 731 2074 ita
752 2019 791 2073 ιιι
811 2018 861 2074 est
882 2010 918 2074 in
939 2012 1135 2093 Augustana
1157 2031 1233 2076 eon·
1284 2018 1411 2073 tantum
1434 2006 1560 2092 synodi,
1583 2009 1649 2074 nisi
1670 2030 1728 2092 por
1751 2029 1810 2075 nos
1831 2010 1967 2087 steterit,
1990 2008 2158 2075 sedetiam
2177 2030 2248 2075 oon·

270 2095 408 2161 fossione
448 2096 581 2177 positus.
635 2095 702 2159 Sed
734 2102 767 2160 et
799 2102 929 2177 arrepta
969 2095 1030 2160 hao
1066 2096 1234 2161 oeoasione
1284 2092 1411 2158 eordiae
1437 2115 1474 2159 ao
1502 2094 1590 2176 paois
1617 2095 1755 2159 fulturae.
1806 2095 1947 2159 [llantum
1976 2095 2063 2160 enim
2093 2095 2187 2160 abest
2213 2099 2249 2159 ut

270 2202 383 2246 sumus
405 2192 438 2245 et
460 2199 534 2244 eum
555 2180 621 2245 illis
643 2179 740 2245 simul
750 2180 900 2246 omnibus
918 2179 1086 2263 theologis,
1110 2192 1144 2246 et
1160 2200 1234 2245 oum
1283 2199 1412 2243 summa
1432 2178 1489 2243 illa
1510 2177 1713 2261 quorundam
1735 2179 1884 2258 ἀποτομία
1905 2178 2062 2246 dootiores
2081 2201 2119 2246 ae
2141 2178 2248 2245 mode-

270 2266 434 2349 plerisque
461 2265 594 2330 illorum
623 2265 663 2330 do
692 2287 770 2348 paee
797 2286 834 2331 ao
856 2264 1026 2330 eoncordia
1048 2265 1232 2348 oolloquuti.
1283 2263 1421 2328 ratiores
1443 2264 1522 2330 alios
1541 2264 1592 2330 vel
1615 2265 1708 2330 nobis
1737 2264 1939 2345 infensiores,
1961 2266 2013 2330 vel
2035 2265 2076 2330 ad
2100 2275 2248 2331 sanetum

270 2348 495 2433 Comperimus
517 2361 627 2415 autem
650 2351 714 2414 tria
735 2350 866 2415 omnino
888 2370 959 2416 esse
975 2350 1150 2434 inquibus
1168 2372 1233 2416 non
1284 2348 1415 2432 aliquod
1437 2348 1629 2432 colloquium
1658 2351 1767 2415 minus
1795 2371 1971 2433 propensos
2003 2349 2191 2430 reddiderit,
2214 2357 2250 2415 ut

269 2457 381 2502 omnes
403 2434 533 2519 quidem
554 2434 612 2500 sed
633 2445 742 2500 tamen
761 2434 859 2518 aliqui
878 2457 897 2499 a
914 2434 1005 2500 nobis
1027 2434 1231 2514 dissentiunt,
1283 2441 1397 2498 eontra
1419 2434 1521 2499 multo
1543 2435 1640 2500 etiam
1663 2434 1835 2500 videantur
1855 2435 2166 2519 paeisooelesiarum
2184 2448 2249 2502 stu·

269 2522 325 2587 sed
347 2520 472 2604 placide
494 2532 601 2585 tamen
626 2542 663 2586 ac
685 2520 857 2586 moderate.
1284 2518 1448 2598 diosiores,
1472 2540 1568 2603 quam
1598 2542 1742 2603 unquam
1766 2532 1870 2599 antee,
1894 2521 1946 2585 vel
1967 2522 2029 2587 hoo
2049 2521 2193 2600 nomine,
2214 2528 2250 2584 nt

196 2614 200 2624 ’
355 2606 467 2672 Πιιιιιιι
496 2613 555 2684 est,
585 2627 652 2671 non
673 2627 755 2688 quae
777 2607 821 2670 sit
849 2626 901 2670 res
929 2606 1124 2671 saeramenti
1153 2605 1231 2681 (iam
1282 2604 1332 2668 illi
1353 2612 1466 2670 mutuo
1486 2605 1600 2669 saltem
1620 2615 1730 2670 nostro
1752 2626 1910 2672 eonsensu
1932 2606 1972 2671 ad
1986 2608 2100 2672 mitius
2121 2605 2250 2690 aliquod

269 2692 355 2757 enim
381 2691 535 2758 convenit
560 2693 725 2756 internos
746 2690 915 2756 Christum
938 2692 1046 2773 ipsum
1068 2710 1142 2756 oum
1164 2692 1232 2756 suis
1283 2688 1454 2754 eonsilium
1477 2688 1688 2755 addueantur.

269 2776 363 2842 donis
390 2776 425 2841 in
454 2797 552 2842 ooena
580 2777 671 2842 nobis
703 2775 1007 2842 communicandum
1029 2776 1152 2852 offerri)
1175 2775 1232 2841 sed
1368 2774 1482 2858 Neque
1503 2776 1631 2840 suntin
1653 2774 1714 2841 hae
1737 2776 1902 2841 voluntate
1924 2775 2073 2860 theologi
2089 2777 2260 2840 <immet

269 2883 352 2944 quae
374 2861 417 2926 sit
438 2862 523 2945 signi
545 2883 618 2926 oum
640 2882 675 2925 re
697 2861 889 2938 ooniunotio,
911 2859 945 2925 id
966 2869 1025 2940 est,
1043 2861 1135 2943 panis
1157 2881 1231 2926 oum
1283 2859 1438 2940 saniores,
1459 2860 1516 2925 sed
1545 2861 1639 2924 etiam
1664 2882 1704 2925 ex
1726 2861 1789 2944 piis
1811 2862 2025 2943 maximisque
2046 2861 2247 2945 principibus
2283 2872 2285 2879 ’

269 2967 401 3028 eorpors
433 2959 465 3010 et
498 2947 565 3011 vini
597 2967 671 3012 eum
707 2947 873 3030 sanguine.
920 2946 1043 3011 Volunt
1066 2946 1154 3011 enim
1182 2945 1232 3011 iili
1283 2964 1348 3008 non
1370 2945 1475 3028 peuri,
1498 2955 1655 3027 quantum
1678 2967 1718 3010 ex
1742 2946 1852 3012 multis
1876 2947 2078 3030 argumentis
2094 2968 2247 3029 praesen·

269 3052 385 3113 eorpus
408 3052 482 3097 eum
504 3052 595 3113 pane,
626 3035 658 3096 in
688 3052 770 3113 pane
793 3033 862 3096 sive
882 3022 941 3095 suh
963 3051 1048 3114 pane
1069 3052 1149 3107 esse,
1171 3053 1231 3098 nos
1283 3037 1332 3094 tes
1361 3032 1580 3114 eognovimus.
1622 3029 1709 3095 Illud
1741 3041 1921 3097 eumenen
1950 3031 2063 3096 dubito
2091 3032 2183 3097 vobis
2212 3043 2248 3096 ut

270 3124 378 3180 autem
407 3117 442 3180 in
470 3117 568 3181 ooolis
597 3115 835 3190 essedioimus,
859 3127 1025 3180 ettamen
1047 3138 1112 3180 non
1128 3118 1230 3198 impe·
1282 3115 1500 3180 certissimum
1521 3116 2017 3195 confirmero‚Franofurtensem
2041 3127 2247 3196 eonventum,

269 3199 338 3266 dire
360 3201 505 3268 loeorum
527 3201 724 3278 distantiam,
746 3202 824 3283 quin
846 3200 921 3265 fidei
942 3201 986 3266 sit
1006 3203 1231 3283 praesentissi·
1283 3220 1369 3264 anno
1389 3201 1555 3284 superiore
1577 3201 1736 3281 habitum,
1760 3202 1801 3268 ob
1824 3223 1895 3267 eam
1919 3202 2018 3267 etiam
2040 3225 2173 3268 oausam
2192 3202 2248 3267 ali·

268 3307 368 3366 mum,
391 3297 423 3352 et
445 3307 520 3351 vere
542 3286 632 3352 nobis
660 3285 962 3351 eommunioandum
984 3286 1150 3364 offeratur,
1175 3308 1230 3351 vo-
1281 3285 1434 3366 quamdiu
1446 3284 1581 3350 dilatum
1601 3295 1633 3351 et
1649 3295 1761 3368 postea
1773 3287 1975 3370 productum,
1987 3287 2074 3369 quod
2097 3289 2247 3371 princeps

268 3393 369 3454 reque
397 3370 585 3436 nfidelibus
606 3394 664 3457 per
685 3371 792 3448 fidem,
821 3372 955 3453 spiritus
984 3373 1087 3437 saneti
1109 3373 1230 3437 virtute
1280 3368 1402 3448 ille,²¹)
1425 3372 1517 3436 ouius
1539 3371 1687 3437 Ferreus
1709 3382 1741 3437 et
1761 3394 1821 3456 ego
1843 3373 1930 3456 apud
1952 3394 2009 3438 vos
2028 3375 2246 3452 meminimus,

269 3456 597 3539 inoomprehensibili,
620 3458 823 3539 pereipiatur.
1231 3504 1234 3519 .
1280 3476 1380 3538 quum
1409 3477 1450 3520 ex
1468 3456 1574 3539 priore
1595 3455 1756 3540 legatione
1778 3469 2024 3535 reverteremur,
2047 3457 2117 3523 fore
2140 3480 2247 3541 sperae

355 3542 504 3606 Alterum
532 3552 596 3607 est:
626 3563 691 3608 non
719 3562 761 3606 an
783 3539 967 3606 infidelibus
989 3543 1085 3606 etiam
1109 3563 1160 3606 res
1182 3543 1230 3606 of·
1280 3548 1331 3605 ret
1359 3548 1396 3605 ut
1423 3541 1540 3624 aliquis
1562 3541 1628 3608 illio
1650 3543 1853 3625 superiorum
1872 3544 2081 3608 eeclesiarum
2102 3546 2245 3623 nomine,

268 3625 394 3692 foratur
422 3627 587 3706 (convenit
608 3629 694 3692 enim
716 3627 801 3690 inter
823 3646 884 3691 uos
904 3625 1039 3709 perfidia
1061 3627 1229 3692 hominum
1280 3626 1376 3690 sicuti
1404 3635 1545 3709 rogarat,
1573 3638 1782 3710 compareret,
1808 3628 1938 3711 quioum
1961 3637 2113 3712 ageretur
2136 3630 2175 3693 de
2195 3631 2246 3693 in·

267 3732 337 3777 non
358 3713 508 3778 evaouari
535 3719 749 3788 saoramenta)
780 3711 835 3776 sed
864 3733 905 3776 an
936 3711 1082 3776 infideles
1104 3732 1230 3794 qnoque
1280 3710 1405 3777 eundae
1424 3711 1612 3777 oonoordiae
1628 3712 1753 3777 ratione
1778 3712 1887 3797 aliqua
1905 3713 2142 3780 eonstituenda.
2173 3714 2246 3780 Etsi

266 3817 335 3861 rem
359 3797 501 3862 oblatam
522 3799 711 3880 percipiant.
745 3797 817 3861 Hoo
841 3796 928 3862 enim
950 3796 999 3860 illi
1028 3797 1130 3874 aiunt,
1155 3799 1231 3879 quia
1280 3805 1388 3861 autem
1410 3817 1505 3861 nemo
1527 3819 1568 3862 ex
1593 3799 1714 3863 nostris
1744 3797 1821 3864 illue
1850 3799 1969 3865 missus
1991 3813 2049 3877 est,
2073 3799 2159 3882 quod
2182 3802 2247 3864 uti·

265 3902 336 3947 rem
366 3903 440 3947 eum
467 3883 560 3966 signo
587 3882 738 3965 oopulant
767 3880 935 3946 individuo
962 3881 1102 3964 quodem
1131 3903 1228 3962 nexu,
1279 3901 1356 3944 num
1374 3893 1459 3946 esset
1476 3882 1608 3961 laetum,
1630 3890 1740 3948 tamen
1763 3904 1803 3947 ox
1815 3884 1944 3966 piorum
1965 3885 2151 3967 prineipum
2168 3904 2247 3949 oon·

265 3987 326 4032 nos
348 3988 426 4032 vero
454 3966 592 4031 dioimus
620 3969 848 4049 promissiones
870 3968 941 4032 sive
963 3967 1067 4032 nudas
1085 3967 1155 4033 sive
1177 3988 1228 4032 sa·
1279 3986 1377 4030 sensu
1396 3968 1462 4032 seio
1480 3967 1580 4033 hiisse
1597 3971 1818 4048 eonstitutum,
1836 3980 1882 4048 ut,
1902 3970 1994 4033 finito
2009 3970 2247 4037 Wormatieusi

266 4061 432 4118 eramento
453 4054 598 4131 vestitas,
621 4055 726 4135 ipsum
739 4051 860 4117 seilioet
881 4051 1050 4116 Christum
1068 4074 1141 4118 oum
1160 4054 1229 4118 suis
1279 4050 1451 4133 eolloquio,
1484 4074 1614 4118 mrsum
1647 4053 1709 4135 ipsi
1737 4056 2003 4136 conveniant,²²)
2035 4065 2068 4119 et
2096 4055 2138 4120 ad
2172 4077 2247 4120 eum

267 4137 360 4203 donis
381 4137 450 4203 sola
477 4135 539 4202 fide
565 4139 695 4221 percipi,
718 4159 755 4203 ae
776 4137 911 4221 proinde
932 4135 1006 4202 illos
1027 4138 1082 4219 qui
1103 4138 1163 4205 hoe
1181 4139 1228 4202 in·
1279 4144 1475 4200 eonventum
1504 4140 1686 4221 superiores
1713 4139 1811 4203 etiam
1839 4140 1990 4206 eoelesiae
2019 4140 2190 4206 eommoda
2214 4150 2248 4206 et

267 4231 486 4287 strumentum
517 4244 581 4288 uon
618 4223 756 4288 afferant
785 4222 825 4287 ad
853 4222 938 4285 hano
967 4223 1126 4288 sotionem
1156 4243 1230 4289 reos
1279 4219 1417 4286 honesta
1437 4221 1546 4304 aliqua
1567 4223 1692 4288 ratione
1714 4224 1905 4289 invitentur.

266 4307 337 4370 fieri
364 4308 506 4390 eorporis
541 4319 574 4372 et
596 4309 765 4392 sauguinis
795 4308 939 4383 Domini,
968 4305 1067 4372 oblati
1096 4307 1229 4390 quidem
1364 4305 1457 4387 Quae
1478 4329 1578 4390 quum
1600 4310 1646 4374 ita
1667 4330 1702 4374 se
1724 4308 1873 4388 habeant,
1897 4324 1929 4374 et
1949 4309 2108 4376 mirabilis
2131 4312 2246 4377 Domi·

267 4393 325 4456 sed
348 4415 412 4457 non
434 4395 587 4492 pereepti,
609 4395 673 4458 imo
691 4413 770 4458 vero
787 4393 964 4473 eontempti
982 4412 1018 4457 ee
1040 4392 1226 4458 oonouleati.
1278 4411 1341 4455 nus
1370 4412 1482 4456 eorum
1508 4393 1642 4459 tonsilia
1670 4393 1836 4477 dissiparit
1863 4396 1918 4477 qui
1941 4415 2001 4461 nos
2023 4397 2167 4478 perditos
2190 4420 2246 4462 vo·

352 4477 497 4542 Tertium
524 4488 586 4543 est:
613 4500 695 4560 quae
723 4479 791 4542 sint
818 4476 985 4560 glorifieati
1008 4477 1150 4561 eorporis
1172 4477 1227 4542 do-
1276 4475 1418 4555 luerunt,
1451 4476 1588 4543 aliorum
1619 4486 1727 4544 autem
1757 4479 1940 4547 voluntates
1968 4480 2009 4546 ad
2036 4502 2150 4564 paoem
2179 4505 2245 4548 nou

266 4570 326 4637 tes,
349 4573 381 4625 et
401 4564 558 4645 quomodo
580 4562 760 4628 asoanderit
771 4562 923 4628 Christus
944 4562 1097 4628 inooelos
1118 4562 1229 4628 simul·
1278 4582 1393 4644 parum
1416 4562 1589 4640 inoliuarit,
1620 4565 1751 4630 videtur
1780 4587 1858 4631 sane
1880 4565 2002 4632 effliota
2018 4567 2084 4632 Dei
2108 4568 2245 4635 eoolesia

267 4667 330 4728 que
346 4648 389 4712 sit
408 4648 572 4713 nobiseum
596 4670 698 4731 usque
720 4647 759 4712 ad
772 4647 1083 4714 eonsummationem
1098 4649 1227 4714 saeouli.

353 4733 399 4797 Et
437 4745 515 4824 suunt
541 4733 670 4816 quidem
698 4737 769 4807 ista,
799 4742 836 4797 ut
865 4731 968 4796 multo
989 4731 1106 4797 melius
1128 4734 1229 4799 nostis

266 4837 363 4899 quam
387 4837 455 4901 ego,
477 4819 611 4882 maximi
624 4819 775 4901 ponderis
792 4838 830 4883 ao
844 4819 1007 4895 momenti,
1029 4816 1087 4883 sod
1108 4828 1229 4896 tamen,
1363 4832 1409 4898 to)
1434 4832 1581 4902 weuram
1597 4837 1667 4892 ιιιιιιι·
1683 4835 1760 4892 teta.

267 4902 295 4966 si
319 4901 358 4967 de
385 4903 490 4985 prima
516 4905 702 4984 quaestione
736 4904 835 4969 semel
862 4904 1057 4981 eonvenerit,
1087 4903 1229 4988 reliquae
1362 4902 1411 5035 ddi
1427 4901 1723 5028 53„in
1756 4970 1834 5028 m
1844 4972 1946 5028 m
1962 4973 2030 5029 155⁸
2047 4979 2103 5030 w
2121 4977 2243 5032 ww

512 5109 517 5120 .
1278 5039 1418 5094 metio
1475 5041 1525 5095 ’nei
1589 5055 1611 5094 r.
1668 5041 2243 5112 vuiodfumtdwmaaliffletuii,

352 5106 398 5171 18)
417 5106 487 5161 Neo.
505 5114 621 5189 mute
668 5177 673 5189 Ι
844 5177 849 5188 ¹
1279 5111 1305 5161 o
1422 5055 1478 5190 ddi.
1487 5042 1618 5164 taddeum
1641 5109 1785 5166 aremus
1811 5108 2070 5178 diormitium
2091 5114 2131 5168 sd
2148 5128 2243 5183 ριιαιι

353 5174 399 5240 19)
417 5191 450 5228 ιιι.
469 5175 549 5231 Maro
568 5175 742 5246 eoeppmpos
758 5177 883 5234 esteten
1279 5192 1298 5229 ιι
1366 5175 1628 5244 tabulariorum.
1647 5177 1768 5245 (aaut
1785 5179 1832 5233 vl.
1846 5177 1906 5233 1⁷4.
1926 5177 2045 5236 θισισιιν
2060 5179 2109 5236 111.
2127 5181 2151 5236 2.
2168 5180 2243 5250 225.)

1281 4719 1511 4750 *auos
