4688 5910
858 295 940 359 1557
961 290 1169 361 NOVEMB.
1940 301 2002 365 698

86 481 192 559 sfide,
215 480 287 548 vult
304 481 406 548 videri
429 481 552 564 optime
569 481 679 546 omnia
700 488 733 547 et
755 481 878 565 optima
898 479 978 546 fide:
1030 502 1098 546 uon
1119 483 1287 564 possimus,
1303 492 1452 567 superest
1474 492 1512 550 ut
1537 506 1607 551 rem
1628 494 1729 551 totam
1751 485 1893 552 Domino
1914 506 2002 552 eom·

86 589 95 630 ι
117 587 185 647 ms,
214 566 292 649 quid
318 567 354 632 in
376 567 470 633 iuliis?
514 566 652 634 Utinam
672 565 838 633 Dominus
859 565 980 631 malam
1030 568 1214 648 mittamus,
1244 568 1300 652 qui
1322 564 1486 635 diabolum
1508 572 1608 637 etiarn
1629 572 1738 654 ipsum
1759 572 1885 654 quoties
1905 571 2003 639 libuit

86 658 161 718 utet
177 664 332 718 mentem.
361 652 499 720 Aeeedit
521 651 695 718 diffieultas
712 652 871 731 uxoris,⁶)
894 651 979 734 quod
1030 652 1092 718 sibi
1121 655 1245 720 servire
1274 656 1368 739 eogit.
1414 654 1587 738 Coeperam
1607 664 1756 722 nostrum
1779 656 1853 723 vide
1881 670 1919 722 ut
1944 679 2001 722 ur·
2104 716 2106 723 .

86 737 156 802 ium
188 737 324 804 minime
356 739 537 822 sperabam,
570 738 626 805 sed
659 738 717 805 ubi
745 737 844 822 plura
876 736 980 802 multo
1030 758 1108 822 geas
1138 740 1237 804 etiam
1270 746 1366 823 atque
1398 742 1508 822 etiam,
1540 762 1601 807 nee
1633 762 1750 808 oenseo
1781 750 1818 808 ut
1849 742 1912 809 hae
1938 742 2002 809 iter

86 833 117 888 nt
137 825 173 888 in
194 845 294 901 mora,
317 846 488 908 nunquam
505 825 683 890 assentirer
700 823 868 890 ecelesiam
886 821 979 888 dese·
1029 823 1136 888 faeiat.
1186 824 1354 906 Quorsum
1386 826 1496 892 enim?
1543 824 1581 893 Si
1613 827 1705 910 prius
1736 827 1815 893 illue
1849 829 2003 894 venerint

86 907 237 988 lam:‚ubi
260 911 358 975 etiam
379 911 452 993 ipsa
473 911 697 983 assentiretur,
718 909 784 975 nisi
804 910 868 974 alio
888 914 980 974 voeet
1031 907 1200 987 Germani,
1209 912 1237 991 2)
1259 931 1355 994 quem
1377 910 1593 979 eonvenient?
1634 912 1717 994 Quis
1738 911 1895 978 instabit?
1928 913 2002 997 quis

85 995 175 1059 rinus
204 1006 239 1060 et
264 1007 378 1078 aperto
403 996 559 1062 mandato
585 998 703 1063 iubeat.
748 997 823 1078 Ipse
850 1014 980 1077 quoque
1031 993 1236 1078 singulorum
1267 995 1476 1063 admonebit?
1520 997 1659 1064 Nostros
1675 1002 1703 1076 8)
1736 997 1838 1064 miror
1875 996 2001 1065 tamdiu

86 1101 135 1144 rar
156 1091 211 1146 tuo
233 1080 366 1147 hortatu
388 1091 421 1146 et
441 1081 548 1148 Beroe
569 1103 645 1148 mor
673 1084 803 1157 annuit,
829 1080 979 1163 quamvis
1031 1100 1158 1145 oessare
1190 1089 1224 1146 et
1258 1103 1371 1148 vereor
1403 1101 1445 1150 ne
1483 1083 1561 1149 dum
1594 1083 1780 1150 Germanos
1811 1092 2002 1167 exspeotant

86 1182 148 1231 rtur
175 1167 292 1233 fratres
321 1167 404 1232 nihil
435 1169 616 1251 seripsisse,
649 1168 678 1234 si
707 1167 838 1249 quidem
868 1166 979 1231 abiens
1031 1165 1202 1232 amittatur
1223 1169 1329 1234 omnis
1350 1171 1484 1236 oeeasio.
1529 1169 1629 1234 'l'anti
1649 1179 1720 1235 erat
1744 1166 1914 1250 Corporum
1935 1190 2001 1235 una

86 1252 186 1318 antius
207 1266 349 1337 rogarat,
373 1261 409 1319 ut
430 1253 621 1338 diligentius
643 1252 832 1330 seriberent,
855 1261 889 1316 et
910 1272 979 1315 om·
1031 1272 1105 1316 oum
1137 1252 1204 1318 illis
1241 1253 1410 1336 prulieisei.
1466 1254 1532 1321 Sed
1565 1255 1742 1337 praeterita
1773 1255 1895 1319 mutari
1935 1275 2000 1320 non

86 1359 100 1401 ι
122 1337 298 1422 diligenter
320 1339 566 1418 admoneretur,
600 1358 683 1421 quae
705 1337 832 1422 agenda
863 1339 978 1413 forent,
1030 1348 1177 1420 possunt.

86 1446 106 1487 x
128 1425 238 1489 animo
259 1427 371 1491 omnia
392 1435 594 1492 ouraturum.
634 1424 719 1501 Heri
741 1422 901 1489 referebat
922 1423 979 1486 ali·
1118 1424 1169 1489 De
1195 1434 1309 1489 nostra
1337 1425 1538 1491 confessione
1566 1424 1683 1508 probat
1711 1426 1820 1491 omnia
1851 1423 2001 1490 oduino

103 1530 139 1574 se
160 1510 197 1573 in
214 1511 269 1575 via
290 1511 414 1595 legatos
422 1515 451 1589 ⁷)
475 1523 550 1577 aute
568 1512 637 1575 dies
655 1516 727 1576 oete
746 1508 920 1574 offendisse
938 1507 979 1572 ad
1031 1517 1150 1574 noster.
1206 1508 1357 1577 Seribam
1389 1510 1431 1576 ad
1462 1511 1653 1595 ligurinus:
1698 1509 1785 1593 quod
1817 1510 1884 1575 iam
1916 1519 2003 1576 esset

86 1615 135 1659 sm
157 1605 331 1680 pergentes
352 1618 393 1661 er
412 1598 556 1674 Lutetia,
578 1617 678 1679 quum
701 1595 885 1662 solvissent.
1030 1593 1152 1660 laetum
1181 1596 1209 1661 si
1237 1596 1415 1662 remisisset
1440 1594 1564 1679 Gesner
1585 1596 1797 1662 confessionis
1823 1593 2002 1677 exemplar,

95 1680 236 1747 Abunde
265 1682 454 1749 intellexisti
476 1681 553 1765 quid
575 1691 683 1748 aetum
706 1682 803 1746 luerit
824 1680 978 1743 Worma·
1030 1678 1078 1744 ita
1099 1691 1137 1746 ut
1157 1681 1206 1745 illi
1228 1681 1454 1747 emendarunt.
1465 1687 1493 1761 ⁴)
1525 1679 1614 1747 Illud
1632 1683 1719 1747 enim
1740 1679 1826 1764 quod
1843 1681 2002 1746 habemus

96 1775 130 1830 et
150 1766 236 1849 apud
257 1768 420 1850 principes
442 1788 501 1851 pro
523 1767 689 1850 colloquio.
723 1769 831 1831 'Duum
849 1766 920 1842 erit,
943 1773 980 1828 ut
1031 1764 1231 1849 deprehendi
1252 1766 1310 1831 illa
1328 1789 1392 1832 non
1413 1767 1534 1834 habere
1555 1788 1637 1850 quae
1658 1766 1707 1831 illi
1728 1766 1938 1832 inseruemnt
1959 1765 2002 1832 ad

86 1873 114 1930 s,
155 1873 271 1937 urgere
305 1865 371 1918 tam
405 1855 623 1919 neeessarium
660 1864 859 1917 eonventum
891 1849 979 1931 apud
1030 1852 1224 1936 marginem.
1267 1853 1380 1919 Pauea
1399 1852 1513 1931 fateor,
1536 1853 1594 1918 sed
1615 1853 1643 1919 si
1666 1852 1718 1918 vel
1740 1851 1866 1938 syllaba
1887 1851 2001 1931 variet,

86 1939 205 2002 uinum.
234 1939 372 2018 Probus,
394 1940 570 2022 superioris
587 1939 734 2004 Palatini
754 1935 978 2004 Caueellarius
1030 1938 1115 2001 nosti
1149 1956 1248 2020 quam
1284 1939 1353 2003 sint
1384 1939 1513 2021 quidam
1554 1938 1717 2022 ingeniosi
1751 1950 1787 2002 ut
1821 1937 1884 2004 sibi
1922 1936 2002 2021 ipsis

86 2023 126 2087 dii
153 2044 257 2106 paene
286 2045 408 2102 omnes,
440 2034 569 2107 praeter
592 2024 844 2098 Oeuoellarium
877 2020 978 2104 probe
1030 2030 1161 2087 sonunt
1193 2022 1396 2090 oflendieula.
1444 2025 1591 2089 Remitte
1623 2045 1701 2107 ergo
1733 2024 1839 2106 primo
1872 2043 2001 2106 quoque

86 2155 87 2160 ι
108 2109 216 2174 affeeti
238 2120 272 2175 et
293 2111 452 2176 admoniti
470 2113 642 2195 negotium
660 2112 822 2176 curabunt
839 2107 978 2191 diligen·
1031 2116 1185 2191 tempore.
1232 2108 1329 2190 Quod
1358 2112 1578 2192 promiserunt
1598 2110 1857 2193 Argentinenses
1883 2129 2000 2174 euren-

119 2193 271 2260 (lhristus
295 2194 350 2261 det
371 2205 408 2261 ut
421 2199 709 2281 Argentoratenses
717 2199 748 2278 ⁸)
771 2205 872 2278 agant
893 2190 978 2274 quod
1030 2191 1108 2258 dum
1126 2202 1177 2260 est
1191 2215 1234 2260 ne
1251 2196 1324 2277 quis
1342 2195 1572 2278 intempestive
1591 2195 1726 2260 effutiat
1739 2198 1766 2273 5)
1803 2194 1897 2258 Bene
1918 2192 2000 2258 vale.

86 2290 204 2364 perunt
236 2292 269 2346 et
306 2282 400 2347 ouius
432 2291 511 2348 suut
543 2283 710 2349 admoniti.
764 2283 816 2347 De
848 2277 977 2344 loedere
1028 2279 1192 2345 Dominus
1213 2281 1307 2346 Iesus
1329 2288 1363 2346 te
1385 2290 1501 2347 servet.
1550 2280 1675 2345 Viretue
1703 2288 1737 2345 et
1764 2280 1867 2346 nostri
1888 2299 2001 2343 omnes

86 2367 212 2431 surbis
230 2388 304 2432 eum
318 2368 482 2434 Beruensi
504 2366 588 2433 nihil
606 2369 765 2433 haetenus
783 2366 975 2448 aeeepimus.
1029 2371 1062 2428 te
1084 2365 1236 2431 salutant.
1282 2368 1380 2432 Laus.
1408 2372 1455 2433 19.
1478 2366 1684 2432 Novembris.
1834 2370 1839 2381 “

86 2461 156 2517 stus
178 2453 288 2517 omnia
308 2463 489 2537 componat.
530 2453 615 2519 Vale
637 2476 712 2519 oum
734 2453 886 2518 omnibus
909 2448 975 2514 eol·

86 2557 145 2602 ¹ae
167 2538 240 2622 piis,
263 2548 375 2604 saneto
397 2548 520 2606 senatu.
560 2540 722 2605 Dominus
744 2539 839 2604 Iesus
862 2554 976 2600 omnes
1704 2503 1796 2566 Tum
1816 2500 1912 2564 Bm·

86 2632 122 2700 et,
150 2624 304 2707 omnique
325 2625 548 2692 benedietione
570 2640 795 2709 prosequatur.
840 2621 976 2704 Collega

86 2728 299 2792 superquam
322 2712 547 2777 amantissime
570 2720 601 2776 te
624 2711 777 2777 salutant.
821 2706 974 2773 Neooomi
1115 2707 1282 2793 Collegam
1308 2707 1478 2790 Coeperat
1507 2717 1541 2774 et
1569 2715 1697 2773 nostros
1726 2727 1840 2773 omnes
1862 2705 1935 2773 ride
1963 2716 1999 2770 ut

86 2794 272 2861 Novembris
297 2798 389 2860 1557.
1029 2791 1085 2858 dili
1109 2804 1202 2859 enter
1229 2793 1313 2858 mihi
1345 2792 1476 2860 salutes.
1523 2793 1659 2859 Fratres
1685 2793 1888 2859 Parisienses
1918 2800 1998 2875 puto

1028 2815 1161 2961 quidem
1191 2877 1374 2945 admonitos
1407 2879 1448 2946 de
1479 2879 1661 2964 legatorum
1693 2878 1907 2963 presentiens,
1940 2876 1999 2943 sed

1026 2985 1125 3030 nemo
1146 2966 1266 3031 missus
1287 2966 1416 3048 estqui
1436 2964 1510 3030 illos
1532 2973 1678 3049 urgeret,
1706 2984 1767 3032 nee
1789 2963 1830 3029 ab
1856 2984 1895 3029 eo
1916 2975 1998 3029 tem·

1027 3071 1107 3133 pore
1127 3071 1190 3134 quo
1211 3051 1311 3135 legati
1328 3060 1551 3134 pervenerunt
1567 3048 1746 3134 quidquam
1767 3051 1928 3132 seriptum
1948 3055 1999 3115 est

1028 3156 1048 3200 a
1070 3136 1231 3203 ministris
1252 3136 1337 3218 quod
1359 3138 1467 3203 seiam

504 2933 595 2999 Tuus
617 2944 705 2999 totus
727 2930 888 2998 Farellue.

442 3460 540 3529 2758.

291 3616 412 3681 BEZA
434 3616 667 3682 DARELLO.

88 3785 254 3870 Nepotimn
273 3785 463 3852 Parmense.
499 3785 637 3853 Gmmeti
651 3788 803 3869 prefatio
824 3786 972 3871 urgenda.
1463 3697 1561 3767 Μ’

86 3873 234 3938 terim
255 3872 445 3938 eumdotam
466 3872 528 3937 sabi
548 3873 634 3938 mitti
655 3879 752 3956 repet.
1196 3867 1487 3935 HO'POMANUS
1510 3867 1826 3934 BULLINGDRO.

86 4044 243 4112 rutograpbo
260 4043 329 4097 Bibl.
348 4051 487 4112 pastorum
500 4044 733 4098 Neoeomensiuru.
760 4046 846 4097 Baum
864 4041 974 4108 1191.)
1112 4041 1385 4124 Argentoratenais
1424 4044 1553 4105 senatu
1583 4040 1621 4104 de
1659 4039 1862 4122 tteolmonon
1900 4041 1999 4103 amito

1025 4126 1174 4208 colloquio
1194 4125 1261 4190 mm
1282 4126 1365 4191 serio
1386 4127 1504 4208 capitu.

87 4214 217 4279 Eximio
249 4236 345 4281 servo
373 4215 437 4281 Dei
465 4214 509 4280 D.
533 4214 698 4281 Gulielmo
728 4215 859 4280 Farello
888 4213 974 4296 patri

105 4301 140 4363 in
162 4301 276 4383 primis
293 4298 505 4367 observando.
1027 4299 1113 4364 (uxos
1148 4302 1205 4379 sun
1223 4313 1257 4350 ex
1275 4302 1339 4349 arto
1388 4296 1444 4363 pro
1461 4294 1526 4349 eor.
1545 4296 1634 4350 ruso.
1652 4295 1762 4377 sremv.
1780 4295 1852 4348 mus.
1871 4293 1918 4346 vr.
1937 4295 1997 4350 vor.

726 4384 890 4452 Neooomi·
1090 4367 1104 4419 1
1141 4368 1230 4431 ,olnu
1248 4365 1318 4433 lipp.
1360 4380 1413 4418 om.
1431 4363 1464 4418 n.
1482 4364 1527 4419 tol.
1546 4363 1605 4418 699.
1624 4393 1656 4404 -
1675 4365 1774 4419 Srmler
1793 4363 1853 4416 Vol.
1872 4361 1928 4427 90.)

92 4555 126 4623 S.
163 4557 213 4622 Mi
233 4566 336 4641 pater,
359 4556 440 4625 haee
462 4557 504 4623 ad
524 4568 557 4623 te
577 4555 738 4622 festinans
759 4556 873 4623 seribo.
909 4558 973 4621 Ae·

104 4643 219 4708 literas
245 4650 327 4710 tuas.
342 4648 367 4724 ¹)
412 4643 524 4725 Quum
546 4663 624 4709 vero
645 4641 741 4709 malis
763 4642 829 4709 illis
850 4641 975 4707 mederi
1128 4640 1159 4778 {J
1207 4638 1546 4774 &mmmm
1560 4638 1679 4703 meunt

86 4816 209 4826 ---
1127 4777 1158 4842 4)
1177 4775 1224 4831 De
1239 4781 1304 4830 utra
1321 4774 1396 4829 dieat
1412 4775 1547 4843 emblem
1565 4788 1666 4842 possea.
1703 4772 1799 4843 Nque
1816 4772 1849 4827 de
1873 4772 1998 4827 meadu-

1025 4848 1131 4902 toribus
1153 4860 1220 4915 quoe
1244 4844 1311 4900 dicit
1333 4843 1462 4925 109me
1478 4842 1551 4913 qaod
1568 4857 1733 4922 moeonas.
1768 4839 1846 4896 Num
1868 4840 1997 4896 lanm-

107 4914 137 4981 6)
158 4914 282 4981 θανιιιοιι,
300 4932 371 4986 quoe
387 4919 495 4973 αιιοιιιι
511 4918 611 4972 marito
629 4916 760 4972 Neoeomi
775 4918 952 4969 remanserat.
1025 4918 1097 4970 ιιιιιι
1110 4919 1257 4997 ‘armato
1282 4909 1414 4982 ramat?
1446 4911 1494 4966 Aa
1522 4910 1730 4992 Womutteooes
1756 4909 1871 4980 theologo
1891 4909 1997 4992 aliqud

108 4983 351 5118 11911199
377 5061 515 5125 ...aas
536 5054 688 5111 rm...-
712 5059 738 5109 a
762 5052 860 5108 ss...
896 5050 978 5107 sse
1025 4979 1746 5118 stertuitttttttzt‘dffl'
1770 4977 1997 5102 firmi?

86 5137 116 5177 ro
132 5068 339 5188 summense
355 5125 403 5180 or'r
419 5129 459 5178 ert
475 5122 550 5192 guod
564 5138 728 5180 masmar.
1025 5123 1098 5178 retia
1114 5121 1280 5203 recognitum
1297 5124 1442 5245 wer
1459 5118 1618 5200 proderetur
1636 5089 1655 5178 ι’
1682 5156 1689 5169 .
1740 5114 1783 5180 50,
1798 5119 1854 5171 net.
1870 5115 1910 5197 6).

86 5200 97 5247 ι.
111 5191 136 5258 l)
154 5191 316 5261 deperditos.
1130 5192 1158 5257 5)
1183 5189 1249 5245 Vsus
1264 5205 1301 5258 pr
1383 5230 1389 5239 .
1412 5188 1516 5243 For-elle
1532 5194 1557 5242 ιι
1575 5191 1723 5255 regamur·
1741 5184 1898 5240 Hotoman.
