4688 5902
920 239 1002 300 155⁷
1023 235 1112 304 luN.
1248 259 1250 263 ·
1472 319 1477 329 ‚
1793 198 1800 217 ‘
1927 240 2008 305 aaa

88 443 99 486 ι
122 442 160 487 ac
188 421 436 505 professoribus,
464 422 730 506 praeceptoribus
757 441 796 486 ac
823 421 981 489 fratribus
1035 445 1070 489 se
1091 424 1255 489 facturum
1278 422 1437 506 promisit
1481 422 1527 486 ιιι
1555 424 1689 507 agnovit
1706 424 1746 487 Ι).
1769 445 1790 488 o
1813 424 1913 491 Lusco
1941 449 2007 492 non

97 507 343 574 colendissimis.
447 535 452 547 ·
883 549 887 564 ι
1033 518 1163 574 tantum
1185 530 1244 591 pro
1267 508 1396 573 subdito
1419 528 1533 572 verum
1556 511 1654 574 ctiam
1677 529 1736 591 pro
1758 511 1915 576 servitore
1937 532 2006 589 suo,

770 593 895 677 uigori.
1033 615 1151 678 nempe
1173 596 1357 670 secretario,
1385 613 1487 675 eoque
1508 593 1578 659 loco
1600 615 1662 676 quo
1685 594 1790 659 fuerat
1819 596 1898 661 olim
1920 598 2007 680 apud

1033 680 1146 745 divum
1172 679 1409 762 Siqisruuudum
1430 679 1540 762 regiae
1561 679 1741 744 maiestatis
1767 692 1946 763 parentem,
1974 696 2007 749 at

93 761 128 828 S.
152 763 191 827 P.
236 761 282 828 Ut
314 781 426 826 rerum
459 761 513 826 hic
544 771 729 828 nostrarum
763 764 982 848 cognitionem
1032 767 1182 848 promisit
1203 786 1238 830 se
1260 765 1368 847 ipsum
1387 763 1598 829 defensurum
1616 785 1686 829 essa
1708 763 2007 836 adversumomnes

88 868 150 913 iam
171 847 326 923 habeatis,
357 847 420 911 viri
438 847 617 926 clarissimi,
646 848 756 914 sciatis
781 871 841 914 nos
864 853 904 913 23
926 871 981 914 su·
1032 851 1044 914 i
1067 853 1135 916 sius
1157 851 1371 916 calumniosos
1394 849 1604 927 adversarios,
1631 852 1841 934 permisitque
1863 854 1893 917 ci
1914 865 1952 917 ιιι
1973 866 2007 919 οι

88 936 144 998 ›ris
173 933 347 999 Februarii
380 930 432 996 die
461 932 619 999 Oracovia
641 933 783 1011 Vilnam,
817 955 899 1018 quaa
932 942 982 999 est
1054 937 1120 1001 omi
1153 956 1229 1001 suae
1251 935 1408 1001 nobilium
1440 936 1586 1000 virorum
1614 936 1901 1018 ministrorumque
1929 959 2005 1003 eon·

88 1019 196 1102 opolis
226 1037 365 1102 magnae
390 1018 579 1092 Lituaniaa.
609 1019 650 1084 ad
680 1040 791 1104 regem
819 1019 981 1102 profectos
1032 1030 1151 1088 ventus
1172 1019 1292 1085 habeat
1312 1032 1346 1084 et
1366 1021 1435 1103 ipse
1462 1042 1588 1103 quoque
1609 1022 1645 1085 in
1666 1021 1739 1086 aliis
1767 1022 1901 1087 aedibus
1929 1044 2006 1088 con-

116 1125 180 1188 quo
207 1108 253 1168 lt.
276 1104 389 1168 Martii
407 1103 586 1169 incolumes
607 1105 672 1170 Dei
700 1107 806 1189 gratia
827 1107 981 1188 perveni-
1032 1107 1143 1173 veniat
1163 1126 1238 1171 oum
1260 1105 1418 1171 fratribus
1439 1107 1565 1186 quoties
1587 1105 1757 1171 videbitur.
1780 1142 1823 1153 —
1845 1144 1886 1156 —·
1904 1145 1947 1155 -
1966 1146 2002 1157 -

102 1195 127 1268 1)
177 1190 285 1255 Biduo
318 1209 396 1254 vero
429 1199 503 1271 post
535 1191 731 1256 accessimus
763 1211 892 1276 regem,
925 1193 981 1272 qui
1115 1192 1288 1257 Palatinus
1309 1212 1435 1274 quoque
1454 1189 1667 1270 Vilnensis‚⁸)
1689 1193 1841 1275 princeps
1862 1194 2004 1260 clemen·

88 1285 166 1341 tram
194 1276 304 1341 virum
326 1275 367 1338 D.
390 1272 548 1340 Ioannem
575 1299 596 1340 o
617 1276 718 1343 Lusco
746 1277 980 1355 amantissime,
1031 1277 1178 1343 tissimus
1200 1278 1365 1359 variisque
1398 1285 1536 1342 naturae
1568 1278 1766 1360 spiritusque
1794 1278 1923 1345 dotibus
1951 1302 2004 1346 or·

95 1363 164 1426 sina
186 1360 367 1424 multorum
386 1359 612 1439 admiratione,
635 1361 710 1426 data
731 1363 831 1426 etiam
849 1362 979 1444 utrique
1031 1377 1138 1440 natus,
1159 1364 1216 1444 qui
1233 1362 1526 1427 luculentissimam
1538 1384 1623 1426 anno
1639 1365 1806 1445 superiore
1827 1364 1904 1429 fidei
1926 1387 2004 1432 suae

88 1467 157 1512 rum
178 1445 304 1521 dextra,
327 1447 465 1527 excepit,
496 1467 635 1529 eumque
662 1447 824 1512 dissutam
853 1447 979 1531 ipsique
1031 1450 1159 1531 publico
1188 1450 1308 1530 scripto
1336 1447 1439 1512 edidit
1458 1447 1702 1521 mnfessioncm.
1736 1470 1795 1514 nos
1817 1451 1905 1514 domi
1926 1472 2004 1518 suae

87 1534 99 1597 i
120 1532 224 1613 ipsius
246 1532 433 1596 felicitatem
456 1551 494 1595 ao
514 1534 615 1597 istam
632 1533 840 1617 evangelicae
863 1533 980 1598 doctri·
1031 1555 1090 1617 per
1111 1554 1257 1598 mensem
1275 1535 1441 1615 integrum
1461 1535 1614 1596 tractavit
1635 1533 1739 1598 multo
1756 1532 2001 1615 humanissime,

88 1617 193 1682 lucam
224 1616 284 1682 sub
314 1619 384 1680 eius
416 1618 650 1700 gubernatione
683 1618 913 1701 gratulantem,
946 1627 980 1683 ct
1031 1620 1227 1700 dominoque
1260 1640 1282 1683 o
1310 1619 1409 1684 Lusco
1441 1617 1610 1682 honestam
1642 1621 1832 1700 pensionem
1859 1642 2002 1687 annuam

88 1704 209 1768 assui
236 1703 270 1766 in
300 1702 441 1784 patriam
470 1704 682 1781 occasionem,
713 1705 979 1785 vocationemque
1031 1705 1219 1787 assignavit,
1243 1727 1281 1768 ae
1302 1703 1390 1768 filiae
1410 1705 1513 1787 ipsius
1530 1705 1645 1769 maiori
1666 1713 1755 1782 natu,
1778 1706 1840 1787 ipsi
1857 1708 2003 1773 nondum

88 1811 99 1852 1
120 1787 403 1854 indissimulanter
424 1800 642 1871 exponentem
673 1798 799 1854 attente
828 1800 861 1853 ct
881 1790 979 1872 plana
1030 1793 1129 1867 visae,
1159 1811 1257 1871 quam
1280 1789 1339 1854 sibi
1361 1790 1398 1853 iu
1419 1790 1576 1853 familiam
1606 1789 1676 1854 dari
1698 1791 1884 1872 postulavit,
1914 1793 2004 1859 mille

88 1874 161 1940 vole
183 1873 319 1950 audivit,
350 1882 383 1937 et
412 1894 470 1937 suo
492 1874 595 1956 ipsius
622 1896 700 1939 mox
728 1896 784 1939 ore
812 1875 980 1958 respoudit
1030 1877 1170 1940 florenos
1191 1876 1357 1958 polonicos
1377 1876 1412 1939 in
1431 1876 1539 1939 dotem
1556 1877 1714 1956 promisit,
1737 1877 1831 1958 eique
1849 1879 2005 1944 maritum

90 1958 264 2025 eruditum
286 1960 349 2024 sibi
370 1979 440 2024 esse
458 1961 688 2043 gratissimum.
725 1960 979 2026 Vico-cancella-
1031 1984 1072 2027 ax
1095 1983 1154 2026 sua
1175 1961 1278 2043 ipsius
1300 1960 1493 2043 cognatione
1515 1960 1695 2043 spopondit,
1717 1962 1893 2045 multisque
1910 1985 2004 2046 prce-

95 2066 184 2123 vero,
214 2044 313 2109 homo
335 2045 583 2122 ecclesiasticus,
612 2046 781 2111 coadiutor
802 2045 979 2128 archiepis·
1030 2058 1121 2111 terea
1142 2044 1333 2110 muneribus
1354 2047 1471 2128 ipsum,
1495 2067 1532 2111 ao
1550 2047 1649 2110 etiam
1666 2068 1719 2111 me
1730 2048 1926 2128 quibusdam
1944 2048 2003 2115 ho-

97 2130 311 2205 Gnesnansis,
340 2138 379 2195 ιιι
400 2153 478 2195 suae
506 2132 541 2194 in
563 2152 682 2213 papam
711 2130 788 2197 fidei
815 2144 848 2197 at
869 2133 979 2197 obser·
1030 2133 1170 2198 uoravit.
1215 2131 1283 2212 Qui
1303 2133 1454 2214 princeps
1482 2153 1582 2214 quum
1611 2133 1656 2196 sit
1676 2135 1778 2197 vestri
1804 2133 1877 2200 istic
1899 2135 2003 2202 multo

88 2219 134 2281 iae
155 2217 367 2293 satisfaceret,
398 2220 438 2278 22
461 2228 535 2298 post
557 2216 609 2281 dic
630 2219 719 2300 regio
749 2218 880 2281 nomine
902 2239 979 2300 rege
1030 2217 1298 2294 studiosissimus,
1326 2217 1472 2281 consulto
1493 2216 1577 2281 mihi
1598 2217 1755 2283 videmini
1783 2219 1902 2284 facturi
1922 2221 1950 2286 si
1972 2223 2003 2286 ei

88 2309 176 2368 sente
197 2303 286 2366 inter
308 2302 372 2366 alia
394 2301 577 2384 respondit:
600 2322 711 2387 regem
733 2302 859 2367 nnllam
881 2304 977 2367 aliam
1030 2303 1150 2368 librum
1172 2302 1313 2384 aliquem
1334 2302 1519 2368 inscribatis
1544 2302 1586 2367 ad
1608 2303 1818 2369 excitandum
1840 2305 1910 2369 eius
1932 2308 2002 2372 ani·

88 2410 109 2452 n
127 2387 289 2470 evangelii
307 2407 482 2469 agnoscere
500 2408 597 2469 quam
609 2391 823 2471 agnovissent
839 2389 978 2454 maiores
1030 2410 1122 2453 mum
1144 2389 1180 2452 in
1201 2408 1301 2453 causa
1321 2388 1496 2472 religionis.
1530 2386 1629 2454 Scitis
1651 2389 1740 2453 enim
1757 2389 1820 2472 ipsi
1842 2390 2002 2456 eiusmodi

88 2527 91 2545 ‚
138 2493 273 2554 eamque
312 2474 496 2538 doctrinam
534 2494 605 2538 esse
625 2485 763 2550 rectam,
810 2475 978 2556 ipsiusque
1030 2474 1204 2556 principes,
1225 2474 1416 2557 praesertim
1438 2475 1527 2539 viros
1548 2475 1604 2555 qui
1625 2474 1672 2538 ita
1685 2475 1773 2539 varie
1794 2476 1999 2553 intricantur,

88 2568 206 2623 statem
230 2557 380 2641 exemplo
401 2558 561 2623 maiorum
591 2561 625 2624 in
648 2580 687 2623 ea
708 2568 856 2640 perstare
878 2560 976 2626 velle:
1030 2560 1172 2624 stimulis
1194 2566 1228 2624 et
1249 2557 1427 2624 amoaribus
1447 2557 1640 2641 quibusdam
1662 2580 1772 2642 egere,
1803 2572 1841 2625 ut
1861 2561 2000 2628 alconus

88 2666 147 2710 ,aec
168 2645 271 2710 solius
293 2644 381 2726 regis
399 2665 469 2709 esse
490 2665 604 2709 vocare
647 2646 792 2728 nospiam
812 2644 854 2710 ad
875 2645 977 2709 refor-
1030 2659 1163 2710 currant
1185 2646 1220 2708 iu
1242 2645 1391 2709 instituto
1413 2645 1538 2709 itinere.
1571 2643 1632 2709 Ille
1653 2656 1763 2709 autem
1784 2645 1999 2726 latinenovit‚

88 2731 141 2796 ias
176 2730 229 2796 hic
262 2729 422 2806 eeclesias,
457 2751 494 2795 ac
526 2665 662 2812 proinde
694 2752 758 2795 non
792 2730 977 2795 vocandum
1029 2740 1202 2813 tantaeque
1233 2740 1283 2795 est
1307 2730 1489 2795 autoritatis
1518 2751 1596 2812 prae
1624 2732 1760 2796 caeteris
1788 2732 1823 2794 iu
1844 2732 2000 2797 Lituauia

88 2817 231 2898 aipsum
260 2837 280 2879 a
312 2814 482 2880 nobilitata
502 2815 659 2899 polonica
703 2816 778 2880 Rex
800 2837 878 2880 vero
910 2817 975 2883 iam
1028 2826 1067 2880 nt
1087 2814 1219 2898 quidam
1241 2815 1331 2880 aiant
1352 2836 1427 2881 eum
1450 2813 1570 2880 vidisse
1591 2817 1702 2879 omnia
1723 2816 1758 2880 iu
1769 2817 1926 2881 Lituauia
1942 2819 1998 2901 qui

88 2924 100 2966 ι
136 2899 340 2966 indicaverat
371 2899 413 2965 D.
448 2922 469 2966 a
497 2901 613 2979 Laeuo,
646 2901 975 2968 vice-cancellarium
1027 2903 1136 2986 ipsum
1163 2901 1291 2966 viderit.
1340 2900 1454 2983 Neque
1486 2909 1539 2966 est
1569 2902 1740 2982 quisquam
1774 2901 1862 2985 apud
1886 2924 1999 2987 regem

88 3008 118 3051 re
147 3006 340 3068 responsum
368 2986 410 3051 ad
438 2986 528 3050 illam
558 2986 630 3052 eius
651 2986 888 3063 salutationem,
918 2987 974 3052 ad·
1026 2989 1134 3071 ipsum
1161 2988 1218 3070 qui
1245 2987 1366 3051 maiore
1394 2987 1569 3051 autoritate
1595 2986 1639 3051 sit
1666 2987 1841 3069 praeditus.
1886 2988 1998 3068 Quare

88 3093 138 3138 ans
171 3093 247 3137 eum
276 3080 313 3135 ut
341 3093 438 3154 quam
460 3072 653 3138 brevissime
679 3072 899 3155 responderet,
932 3093 975 3137 ne
1027 3072 1166 3138 multum
1195 3072 1294 3137 fuerit
1322 3078 1451 3137 tautum
1473 3072 1580 3136 virum
1608 3071 1762 3138 ecclesiae
1784 3071 1907 3138 Christi
1929 3074 1996 3140 Do·

88 3179 197 3225 novam
214 3157 394 3240 replicandi
411 3157 509 3222 telam
527 3158 629 3241 ipsius
645 3158 826 3224 maiestatis
844 3159 975 3222 nomine
1027 3159 1109 3223 mini
1130 3159 1235 3242 magis
1262 3158 1430 3240 magisque
1459 3158 1676 3222 confirmasse.
1700 3193 1995 3208 ------

88 3252 179 3309 etur:
220 3265 263 3307 ax
294 3244 419 3307 mutuis
451 3243 540 3308 enim
572 3242 859 3327 disceptationibus
892 3243 975 3308 nihil
1111 3243 1251 3326 Reliqua
1267 3264 1307 3308 ex
1321 3244 1362 3307 D.
1377 3242 1593 3318 Muccurum,
1612 3252 1703 3325 patre
1720 3263 1758 3308 aa
1772 3244 1996 3311 fratranostrc

88 3331 153 3395 atis
175 3330 362 3413 progressui
385 3327 552 3411 religionis
584 3350 789 3395 accessurum
812 3351 891 3394 esse.
936 3328 974 3395 Si
1027 3328 1225 3407 honorando,
1247 3328 1340 3393 facile
1362 3329 1578 3410 cognoscetis:
1608 3328 1701 3394 cuius
1729 3329 1797 3394 fata
1819 3331 1864 3394 sic
1886 3330 1996 3395 ferunt

101 3417 143 3480 Ι).
167 3415 307 3480 oLusco
328 3415 392 3496 ipsi
413 3413 523 3488 vellet,
547 3414 608 3479 hoc
629 3415 712 3480 clam
735 3415 867 3480 semotis
889 3414 974 3480 arbi·
1026 3423 1061 3480 ut
1082 3413 1280 3496 aliquamdiu
1298 3413 1403 3478 adhuc
1420 3414 1620 3496 peregrinari
1638 3414 1680 3479 ab
1698 3412 1759 3480 hoc
1776 3416 1892 3498 reguo,
1910 3415 1996 3497 quod

88 3508 211 3585 ageret:
230 3522 265 3565 se
286 3501 376 3565 enim
393 3499 457 3582 ipsi
474 3502 640 3583 privatum
658 3521 768 3566 secum
779 3500 975 3583 colloquium
1024 3500 1055 3565 ei
1077 3500 1295 3582 velutipatria
1316 3500 1381 3563 iam
1399 3499 1470 3576 fuit
1489 3508 1640 3582 cogatur:
1652 3503 1680 3574 ⁴)
1698 3499 1790 3563 nulla
1804 3521 1883 3567 sane
1899 3502 1996 3585 culpa

88 3607 230 3652 assurum
252 3606 332 3663 asse,
356 3586 391 3648 in
413 3606 478 3668 quc
499 3586 599 3650 libera
624 3586 664 3650 de
686 3586 855 3667 quibusvis
877 3606 973 3669 agere
1024 3608 1092 3663 sua,
1124 3606 1224 3666 quum
1257 3595 1291 3648 et
1319 3584 1359 3648 dc
1388 3606 1465 3666 rege
1494 3585 1565 3666 ipso
1598 3592 1632 3648 et
1664 3605 1765 3668 regno
1800 3585 1862 3650 hoo
1894 3608 1994 3668 quam

88 3680 106 3737 t.
136 3705 972 3719 --------------
1023 3672 1145 3753 optime
1166 3671 1211 3734 sit
1240 3670 1385 3746 meritus,
1419 3668 1476 3734 sed
1498 3669 1642 3734 Satanae
1674 3676 1708 3734 et
1733 3667 1994 3737 adversariorum

87 3758 194 3822 Biduo
215 3767 289 3840 post
310 3756 443 3821 admisit
459 3777 519 3821 rex
529 3754 572 3820 D.
591 3757 724 3823 abacto
746 3756 787 3821 ad
808 3757 972 3839 privatum
1024 3755 1147 3822 Christi
1169 3755 1270 3818 nimia
1291 3755 1389 3831 rabia,
1412 3774 1508 3836 quam
1530 3775 1590 3819 rex
1609 3757 1699 3818 omni
1720 3776 1762 3820 cx
1784 3766 1876 3837 parta
1897 3766 1994 3838 (quae

88 3846 206 3927 quium.
255 3842 296 3906 In
330 3862 393 3923 quo
423 3842 476 3908 hio
508 3840 679 3906 admonuit
710 3863 822 3925 regem
849 3843 972 3925 peceati
1023 3843 1128 3924 ipsius
1151 3848 1202 3905 est
1223 3839 1412 3921 infirmitas)
1424 3840 1588 3905 sustinere
1609 3840 1730 3922 nequit
1763 3839 1839 3924 Ipse
1861 3842 1994 3907 interim

90 3930 160 3994 eius
182 3928 336 3993 nimirum
358 3928 583 4011 abnegationis
605 3927 731 3993 Christi
757 3948 853 4010 quam
874 3927 972 3992 biduo
1023 3947 1183 3992 summam
1216 3945 1295 4009 erga
1322 3926 1364 3989 D.
1388 3925 1643 4002 morimeam,
1677 3946 1773 4006 quem
1804 3927 1930 3991 interea
1951 3928 1993 3992 ad

95 4016 224 4091 fecerat,
247 4021 282 4079 et
302 4013 441 4078 aliarum
460 4011 664 4096 quarundam
682 4016 834 4097 gravium
851 4033 971 4090 rerum,
1023 4022 1165 4078 vestram
1187 4009 1357 4077 ecclesiam
1386 4031 1464 4093 prae
1492 4010 1645 4075 omuibus
1672 4011 1774 4076 totius
1795 4010 1993 4078 Germaniae

88 4123 132 4165 ins
160 4101 191 4165 ei
222 4099 380 4182 scriptum
413 4097 576 4180 quoddam
604 4098 689 4182 quod
710 4099 828 4164 Vilnae
859 4118 971 4164 recens
1021 4097 1165 4164 ecclesiis
1186 4098 1276 4180 eupit
1294 4094 1468 4173 divertere,
1490 4117 1617 4179 semper
1634 4094 1859 4162 declaravitac
1876 4098 1992 4162 etiam·

88 4188 252 4269 tripscrat:
276 4184 316 4248 de
334 4185 441 4250 officio
459 4186 545 4268 regis
562 4187 597 4248 in
616 4185 760 4249 tollenda
777 4182 972 4249 idolomania
1021 4205 1102 4248 uum
1123 4182 1265 4246 declarat
1287 4181 1555 4247 benevolentiam.
1591 4182 1637 4246 Et
1658 4180 1921 4265 quandoquidem
1943 4182 1992 4247 di·

88 4270 285 4337 romovenda
313 4291 391 4335 vera
417 4270 585 4354 religione.
635 4270 709 4335 Rex
739 4271 972 4352 aequanimiter
1021 4267 1199 4352 ligentibus
1222 4268 1329 4331 Deum
1352 4268 1461 4331 omnia
1482 4274 1698 4349 cooperantur
1714 4267 1751 4331 in
1768 4266 1897 4345 bonum,
1919 4289 1992 4350 per·

108 4359 177 4422 eius
210 4355 481 4420 admonitionem:
521 4377 556 4420 se
589 4365 699 4420 tamen
731 4376 795 4421 non
828 4356 971 4438 potuisse
1021 4374 1137 4419 suasus
1158 4373 1241 4430 sum,
1269 4352 1328 4417 hoo
1349 4352 1456 4435 ipsum
1487 4351 1647 4429 exsilium,
1676 4351 1768 4417 nobis
1797 4352 1850 4418 hio
1872 4353 1916 4417 ali
1958 4354 1992 4417 ιιι

110 4440 198 4507 aliud
219 4450 395 4523 praestare,
424 4442 459 4506 in
487 4449 580 4506 tanta
601 4442 790 4524 praesertim
819 4441 970 4507 adversa·
1021 4439 1261 4523 permolestum,
1290 4439 1319 4502 ei
1348 4450 1381 4502 et
1403 4435 1617 4503 aedificationi
1646 4445 1680 4502 et
1707 4439 1918 4503 consolationi
1976 4475 1991 4488 ·

88 4549 123 4592 m
145 4528 407 4609 importunitate:
438 4540 603 4591 caeterum
631 4528 778 4593 absoluto
808 4526 890 4592 ballo
912 4527 971 4591 Li·
1022 4537 1132 4590 turum
1154 4545 1233 4591 essa.
1279 4521 1401 4589 Suavis
1429 4523 1485 4588 ille
1506 4523 1676 4589 convictus
1704 4524 1792 4587 inter
1820 4525 1990 4607 primarios

88 4615 153 4697 ro²)
183 4634 218 4678 se
241 4613 345 4677 seriae
368 4613 591 4678 reformationi
613 4611 821 4678 ecelesiarum
847 4611 971 4678 incubi·
1021 4611 1137 4675 fratres
1179 4610 1465 4690 sanctissimosque
1504 4608 1799 4673 eruditissimorum
1844 4610 1989 4674 virorum

88 4721 112 4763 u
134 4720 214 4775 csse,
236 4696 508 4781 quemadmodum
526 4699 698 4781 postremis
719 4699 813 4781 regni
834 4698 971 4763 comitiis
1742 4727 1745 4733 ·

88 4936 131 5005 ,1)
150 4935 310 5006 Krosiuelcy
331 4936 372 4991 ed.
391 4952 473 5006 pem.
493 4954 522 5006 p.
545 4935 595 4990 107
616 4937 666 4992 boc
696 4936 749 4992 iter
777 4937 886 4991 ormino
914 4950 969 4990 uon
1120 4866 1150 5000 {l
1168 4863 1506 5014 gapatacpattpgpp'tm
1524 4947 1583 4986 eum
1619 4947 1648 4984 er
1665 4931 1777 5012 aliquod
1793 4936 1900 5012 tempus
1913 4930 1990 5014 apud

88 5012 152 5059 atum
170 5020 227 5062 esse
243 5005 374 5087 affirmat,
392 5005 449 5062 aaa.
467 5005 585 5069 fontium
601 5022 700 5076 porum
721 5006 853 5086 carlom.
876 5003 969 5086 Etiam
1019 5004 1135 5073 aliquem
1169 5001 1284 5082 uobdeur
1312 5001 1450 5082 delatrices
1478 5015 1563 5069 usque
1608 5016 1658 5081 um*
1682 4999 1766 5068 Rapta
1794 5001 1828 5080 ab
1855 5014 1988 5081 cpwccpta

88 5073 352 5210 κῆρὶίθέἔέθιδάιιρ
369 5075 404 5129 Ιι.
423 5072 480 5126 610.
499 5073 550 5127 614
567 5091 601 5130 eu
618 5075 670 5130 bae
687 5074 800 5142 epratolu
817 5073 968 5141 supplenda.
1016 5076 1488 5210 ἕειειὲἑιωσιὲιιιῶωαᾚὲπωκι
1507 5083 1651 5136 proruam
1676 5068 1814 5138 euangelio
1835 5068 1986 5132 succurram
