4688 5902
965 317 1044 376 15:37
1067 311 1257 379 IANUAR.
2053 317 2114 378 398

100 315 168 375 397

101 502 175 566 imo
193 501 354 566 miramur
370 521 430 566 vos
452 511 519 565 tam
537 501 720 585 praefracte
742 510 776 565 et
792 501 1005 584 pertinaciter
1027 523 1084 565 au·
1138 509 1273 564 ruentes
1295 500 1560 564 ressustinebat:
1585 499 1642 565 sed
1656 498 1840 565 adversarii
1855 501 1968 567 multis
1990 502 2113 568 88188·

106 587 188 652 (1818
206 585 379 652 dissentire
398 609 416 651 a
437 598 486 651 tot
504 589 625 652 sanctis
643 597 678 651 et
695 586 831 652 eruditis
850 587 939 651 11118.
973 586 1085 666 Quare
1137 586 1203 651 uiis
1226 585 1413 662 effecerant,
1434 594 1473 649 ut
1493 586 1522 649 18
1544 584 1631 667 8881
1653 585 1694 649 N.
1707 587 1750 669 ¹¹)
1771 606 1837 651 888
1860 594 1989 652 tautum
2012 588 2112 653 habe-

107 672 175 737 nisi
196 671 303 737 velitis
326 672 457 737 credere
486 673 583 738 fateri
614 682 647 736 et
676 672 866 756 syngrapha
895 672 1010 738 testari
1028 671 1087 736 illa
1137 682 1188 736 ret
1207 670 1293 750 fidei,
1316 680 1476 754 quantum
1498 671 1711 754 perturbatus
1733 672 1888 737 ecclesiae
1909 683 2015 739 status
2037 696 2112 757 pos·

108 758 177 823 duc
199 759 364 822 axiomata
385 779 464 823 vera
493 778 573 836 esse,
596 758 750 824 videlicet
771 759 805 822 in
828 778 928 824 coena
949 758 1085 822 Domini
1138 756 1273 821 tulabat.
1318 756 1451 821 Interea
1482 755 1536 822 hic
1564 757 1745 822 resciscunt
1775 778 1834 822 888
1868 779 1938 823 8888
1961 759 2112 827 dimissos

107 865 227 910 verum
250 864 367 925 corpus
393 843 519 908 Christi
547 845 585 908 in
614 864 699 926 pane
728 845 902 910 contineri:
930 845 1008 908 item
1026 864 1086 908 nos
1137 842 1294 907 Wesalia.
1339 842 1534 907 Deliberant
1552 841 1591 906 de
1610 863 1662 906 me
1685 842 1879 908 advocando.
1918 845 1989 909 Hoc
2008 846 2110 929 signi-

108 929 194 994 illud
216 950 333 1011 corpus
363 950 427 994 888
459 939 585 994 188188
609 938 727 1006 88818,
751 929 808 994 881
830 931 929 994 81188
951 952 1008 994 818
1031 951 1084 994 su·
1137 927 2111 1011 1888101881111188,881818181888811188,8118118188-

109 1035 219 1079 mere:
249 1016 398 1079 iubemus
427 1024 466 1078 ut
498 1036 612 1080 88888
639 1019 728 1080 18118
755 1014 918 1080 (18188188
947 1016 1085 1079 Martias
1137 1014 1343 1078 8881118818
1372 1034 1481 1077 8888
1511 1034 1616 1096 88888
1642 1012 1822 1078 81188188
1853 1017 1961 1097 sopiri.
2008 1018 2110 1081 Mitti·

109 1101 190 1166 hiuo
213 1101 370 1184 migretis.
401 1099 525 1164 Audita
542 1102 705 1165 sententia
726 1101 891 1184 petiimus,
914 1113 952 1164 ut
969 1100 1085 1166 saltem
1138 1098 1249 1164 18181
1270 1120 1324 1163 me
1346 1098 1663 1174 88888111888818,
1687 1100 1741 1182 qui
1765 1102 1850 1165 81188
1869 1100 2016 1166 brumam
2028 1103 2109 1168 We-

110 1189 270 1268 temporis
301 1189 452 1268 spatium,
482 1185 567 1269 quod
592 1186 686 1252 nobis
708 1186 750 1252 ad
768 1187 1011 1269 componendas
1032 1207 1085 1250 res
1136 1185 1252 1250 saliam
1271 1185 1365 1248 venit
1385 1206 1460 1250 cum
1490 1185 1594 1250 1118118
1617 1184 1658 1249 ab
1680 1186 1824 1263 ecclesia,
1847 1186 1966 1269 quibus
1988 1187 2107 1253 obnixe

109 1283 241 1337 8881188
262 1271 507 1347 concedebatur,
531 1270 572 1335 ad
585 1272 747 1338 Oaleudas
764 1273 872 1337 Maias
894 1292 1084 1354 prorogare·
1136 1291 1225 1335 ame
1248 1270 1429 1353 petebatur,
1458 1271 1627 1336 utstatim
1654 1271 1766 1335 itineri
1788 1293 1840 1336 me
1861 1273 2108 1340 committerem.

109 1367 177 1433 tur,
196 1378 297 1438 quum
320 1378 386 1422 888
409 1357 452 1421 811
480 1357 573 1423 facile
602 1367 651 1422 tot
672 1359 803 1423 miseris
824 1357 1011 1423 hominibus
1034 1359 1084 1421 in·
1136 1356 1324 1422 Convocavi
1346 1357 1413 1421 fere
1424 1377 1536 1421 88888
1558 1379 1598 1421 81
1616 1358 1887 1436 88811888818818,
1907 1360 2110 1426 881881111118

107 1442 263 1508 11811181
293 1453 422 1526 tempus
462 1445 618 1526 migrare:
653 1465 755 1525 quum
793 1444 986 1525 praesertim
1017 1452 1084 1507 1818
1136 1441 1257 1519 literas,
1281 1452 1314 1507 ct
1336 1441 1405 1505 dixi
1430 1465 1482 1507 me
1507 1441 1590 1506 nihil
1609 1445 1670 1507 nisi
1689 1464 1730 1506 ex
1752 1465 1864 1507 eorum
1887 1445 2106 1512 8888118188-

109 1529 293 1594 Februario
318 1528 425 1593 adhuc
447 1532 570 1594 saeviat
598 1529 714 1612 hyems
736 1531 771 1593 iu
793 1529 860 1594 illis
886 1528 1084 1612 regionibus,
1136 1537 1255 1592 turum.
1301 1526 1488 1593 Suaserunt
1505 1549 1618 1592 88888
1640 1550 1682 1593 88
1704 1530 1740 1591 18
1758 1541 1824 1592 188
1837 1532 1998 1611 praesenti
2021 1533 2106 1613 peri-

109 1624 146 1679 et
169 1612 343 1680 difficulter
370 1617 547 1697 navigetur
569 1613 707 1680 adverso
728 1615 856 1679 Rheno.
901 1613 1085 1696 Respondit
1136 1613 1208 1678 culo
1238 1613 1525 1679 Francofordiensi
1555 1614 1710 1680 888188188
1740 1614 1894 1680 deessem.
1941 1615 2107 1682 Constitui

108 1701 225 1766 consul
254 1699 431 1782 essequod
460 1701 526 1765 11118
555 1721 727 1784 ageremus
756 1703 879 1784 8181188
908 1721 967 1783 818
992 1709 1085 1765 18818
1135 1720 1189 1764 188
1211 1719 1310 1775 meas,
1345 1709 1467 1781 quanta
1499 1702 1591 1782 potui
1620 1701 1803 1766 celeritate:
1832 1712 1864 1765 et
1895 1701 1969 1767 licet
1998 1713 2107 1768 essent

108 1806 188 1868 erga
211 1806 272 1849 nos
293 1785 507 1863 humanitate,
531 1808 629 1868 quum
658 1788 684 1851 si
707 1786 832 1851 vellent
852 1788 901 1850 uti
922 1787 993 1850 inre
1015 1807 1084 1864 suo,
1135 1786 1345 1850 saevissimae
1378 1793 1597 1868 tempestates,
1640 1786 1738 1851 huius
1774 1786 1927 1852 ecclesiae
1956 1789 2133 1869 precibus‘

107 1892 172 1936 nos
200 1872 293 1936 bonis
327 1871 478 1936 omuibus
511 1893 641 1948 exuere,
672 1885 705 1935 et
738 1883 907 1955 praeterea
940 1891 959 1934 a
992 1871 1084 1936 uobis
1136 1871 1336 1953 obsequutus
1365 1892 1443 1935 sum.
1482 1871 1636 1937 Calendis
1658 1872 1755 1936 huius
1785 1875 1905 1938 mensis
1932 1872 1996 1939 huc
2021 1877 2106 1940 veni.

107 1977 233 2038 poenas
256 1958 388 2041 exigere
415 1969 556 2040 possent.
602 1958 668 2024 Ubi
691 1959 894 2023 resciverunt
915 1958 1084 2022 conciona-
1136 1955 1318 2036 Quatriduo
1348 1971 1421 2038 post
1449 1956 1548 2021 rediit
1578 1958 1709 2022 avobis
1733 1958 1921 2022 tabellarius
1943 1981 2018 2024 oum
2040 1961 2107 2026 tuis

107 2054 198 2108 18188
220 2042 408 2107 huiusmodi
426 2045 621 2108 sententiam
644 2044 679 2108 in
703 2065 763 2108 888
785 2043 886 2108 18188
909 2064 990 2118 8888,
1013 2062 1084 2106 888-
1136 2041 1252 2106 adme
1278 2041 1391 2120 1118118,
1408 2045 1447 2115 ¹²)
1464 2044 1500 2107 18
1533 2044 1651 2126 quibus
1678 2043 1983 2109 benevolentiamne
2004 2059 2105 2123 tuam,

108 2141 229 2210 parunt
251 2151 292 2193 81
314 2140 472 2212 suggestu
501 2129 702 2206 debacchari,
730 2141 763 2193 et
791 2130 884 2193 miris
911 2128 1084 2193 calumniis
1135 2128 1279 2211 prudens
1300 2128 1482 2206 consilium,
1509 2149 1551 2193 an
1575 2127 1774 2194 indefessum
1804 2130 1947 2194 studium
1971 2132 2107 2196 iuvandi

107 2234 170 2279 888
188 2234 333 2293 8881818,
355 2222 392 2278 81
420 2215 577 2296 8888188
608 2214 765 2280 81181888
790 2235 850 2291 888
873 2215 1083 2292 concitarent,
1135 2214 1288 2279 ecclesias
1305 2213 1411 2296 magis
1429 2215 1490 2279 sim
1512 2214 1726 2297 amplexatus,
1751 2215 1857 2280 dicere
1879 2237 1943 2281 non
1960 2238 2104 2298 possum.

108 2312 144 2364 et
167 2301 340 2382 praecipue
362 2301 494 2381 quidam
518 2301 700 2365 Hermastus
712 2304 737 2376 ⁸)
759 2301 888 2382 primus
906 2310 1000 2365 autor
1022 2300 1084 2365 hu·
1135 2299 1309 2383 Ingentem
1337 2312 1424 2364 certe
1443 2301 1696 2365 consolationem
1719 2323 1760 2364 81
1782 2301 1823 2364 118
1845 2302 1984 2384 percepi,
2004 2324 2104 2384 quum

108 2388 163 2449 ius
185 2385 379 2469 tragoediae,
406 2387 499 2451 cuius
528 2387 674 2450 maiorne
701 2387 744 2450 sit
761 2387 890 2450 inscitia
912 2407 953 2451 an
976 2388 1084 2468 impu·

109 2472 232 2548 dantia,
252 2493 316 2536 non
340 2473 419 2536 satis
441 2473 515 2537 8818.
550 2472 635 2536 Ν88
658 2471 835 2553 88881818
854 2473 1006 2537 concione
1028 2493 1084 2536 au-

108 2568 240 2622 888881
274 2557 390 2634 dicere,
411 2556 614 2621 888881188
638 2557 735 2621 fidem
756 2556 863 2622 verbis
880 2557 1005 2622 Christi
1024 2557 1082 2622 ha-

107 2644 197 2719 bere,
222 2665 259 2707 88
296 2663 368 2707 8888
386 2643 561 2708 8881818188
579 2653 858 2709 8881888818188
880 2645 1084 2711 888188188-

107 2739 208 2808 18188,
230 2729 284 2810 881
306 2728 413 2794 188181
433 2727 584 2811 1888188
606 2730 642 2792 18
664 2749 798 2813 818888
820 2728 955 2794 Domini
970 2730 1081 2810 irrep-

107 2816 260 2890 serimus,
283 2828 322 2879 81
352 2835 446 2880 veras
475 2816 544 2879 eius
568 2835 645 2880 oves
667 2815 908 2890 devoraremus,
931 2837 967 2880 88
990 2815 1081 2880 11188

106 2902 143 2964 18
164 2900 286 2984 1188118
307 2901 462 2965 haustum
480 2901 515 2964 in
534 2920 589 2966 eas
610 2921 844 2966 evomeremus.
888 2901 962 2965 Non
984 2901 1081 2983 periit

105 2986 159 3049 illi
177 3007 236 3050 sua
258 3006 364 3068 88818,
392 3007 471 3051 8881
496 2986 605 3052 88118
634 2987 707 3052 luce
729 2983 906 3068 aquodam
928 2987 1011 3052 ictus
1033 2986 1080 3050 fui

107 3070 225 3155 lapide.
267 3072 356 3136 Alius
380 3093 433 3137 me
455 3073 582 3155 vesperi
603 3072 734 3138 domum
756 3071 947 3137 redeuntem
969 3091 1081 3156 pugno

106 3159 145 3222 18
162 3171 293 3241 8881818
313 3158 482 3242 percussit.
528 3158 596 3223 Nec
614 3156 790 3223 defuerunt
810 3159 866 3240 qui
884 3158 998 3225 stricto
1012 3158 1079 3242 gla-

107 3244 163 3308 dio
185 3246 343 3326 quosdam
366 3266 407 3309 ex
430 3245 549 3309 8881118
567 3244 768 3322 invaderent,
788 3243 1001 3310 inclamantes
1023 3263 1079 3309 888

107 3350 181 3396 esso
214 3329 388 3396 sceleratos
421 3332 704 3396 sacramentarios:
738 3341 771 3394 et
802 3341 889 3394 certe
922 3331 987 3395 8181
1018 3331 1079 3395 8111

106 3418 186 3500 1888
206 3415 457 3494 consuluissent,
480 3417 662 3498 periculum
684 3416 750 3480 illis
772 3415 901 3481 818118
923 3417 1001 3479 vita.

197 3502 286 3570 'Palis
319 3502 383 3566 fuit
415 3502 525 3566 exitus
565 3512 696 3568 nostrae
729 3501 946 3567 contentionis
972 3502 1080 3584 potius

106 3608 208 3671 quam
230 3587 474 3669 disceptationis
491 3587 715 3665 Wesaliensis,
739 3588 779 3651 de
801 3609 867 3670 qua
889 3607 966 3652 sane
984 3588 1079 3672 18888

106 3673 208 3738 aliam
230 3694 321 3756 spem
352 3695 570 3757 8888888188.
583 3678 610 3754 ¹)
653 3675 742 3739 Dum
769 3675 815 3738 sio
837 3673 1004 3738 Wesaliae
1026 3695 1077 3740 ao·

105 3759 256 3842 cipimur,
280 3760 314 3824 in
342 3761 403 3825 1188
425 3759 560 3825 ecclesia
588 3759 855 3825 Franclordiensi
871 3760 1078 3843 ingravesce-

105 3844 188 3910 bant
216 3846 448 3924 contentiones,
476 3867 559 3927 quae
588 3866 626 3910 eo
654 3866 755 3927 usque
777 3865 969 3929 8188188888
990 3855 1077 3920 8881,

104 3940 147 3995 81
163 3951 281 4013 88188
309 3930 457 4009 abfuerit,
485 3933 563 4014 quin
592 3931 763 4014 aliquoties
791 3932 825 3994 in
856 3932 926 4013 ipso
955 3930 1076 4013 templo

102 4016 288 4082 8188888
316 4025 452 4082 ventum
487 4018 538 4082 sit.
576 4017 840 4101 Ingemiscebant
872 4018 1013 4099 811888
1041 4038 1076 4082 se

100 4102 267 4185 petulanti
300 4102 454 4168 audaciae
485 4102 749 4168 adversariorum
782 4102 946 4167 audebant
978 4124 1075 4186 oppo-

101 4209 193 4264 8818,
216 4209 315 4270 8888
339 4186 489 4253 11181881
510 4210 566 4254 ecs
595 4189 656 4254 hoc
674 4210 780 4274 agere,
803 4197 841 4252 ut
862 4209 996 4272 gravem
1016 4188 1076 4254 ali·

127 4294 202 4338 888
224 4275 402 4338 18881188
417 4274 598 4340 excitarent
616 4297 680 4358 quo
691 4285 800 4358 posset
817 4275 952 4343 ecclesia
963 4278 1074 4339 everti.

161 4361 259 4423 11888
281 4360 329 4423 111
359 4360 399 4424 D.
434 4360 611 4426 Gulielmus
626 4363 667 4439 ¹⁰)
691 4371 849 4444 quantum
877 4362 912 4426 in
936 4383 970 4426 se
995 4371 1075 4440 erat,

98 4565 183 4603 usum
205 4555 435 4602 sacramentorum
457 4550 529 4601 18181
551 4562 619 4603 suos
632 4587 740 4601 .....
760 4549 822 4602 bles
839 4565 904 4603 1888
923 4551 1022 4619 expelli
1039 4551 1074 4602 is·

97 4628 150 4672 tos
162 4617 292 4686 hospites,
309 4624 452 4686 postquam
470 4618 572 4685 recepti
590 4622 733 4678 suntuna
751 4618 832 4671 181118
835 4656 969 4674 ......
988 4619 1074 4687 Spero

99 4702 166 4741 8881
184 4703 241 4740 8888
259 4687 300 4740 111.
318 4686 454 4755 Principis
471 4686 625 4739 lulisceusis
644 4691 672 4739 81
688 4687 786 4740 811188
796 4686 999 4742 Wesaliensium
1017 4688 1073 4756 818-

97 4763 199 4819 18188,
228 4761 259 4808 81
287 4772 369 4836 quum
392 4755 567 4824 praebuerint
588 4754 736 4824 hospitium
758 4762 801 4808 tot
822 4757 930 4810 familiis
947 4773 1001 4810 non
1018 4758 1074 4810 sint

97 4841 152 4879 ess
170 4826 315 4893 expulsuri,
340 4841 422 4894 quum
440 4824 549 4892 quidem
566 4840 629 4893 spes
646 4825 683 4879 sit
700 4825 902 4891 conciliationis,
920 4841 953 4879 88
969 4827 1074 4879 1818188

95 4894 144 4949 818
161 4893 272 4947 concedi
289 4893 429 4962 proprium
447 4893 626 4947 ministerium
644 4900 744 4961 posset.

206 4960 235 5028 8)
255 4961 330 5016 Steia
348 4961 480 5028 (Wolters
497 4960 566 5027 181.)

129 5062 131 5071 .
206 5030 236 5095 9)
255 5031 605 5100 111881181881118188188
624 5031 683 5084 licis
700 5031 779 5086 doleo
797 5046 883 5083 meam
901 5030 1072 5083 intercessio·

96 5118 166 5158 118111
185 5101 321 5154 lenissime
339 5101 390 5153 scri
412 5109 467 5152 tam
484 5117 539 5154 nou
558 5049 691 5168 proluisse
708 5117 750 5168 sp.
768 5097 933 5153 Faesulanus
952 5097 1016 5152 Met
1034 5098 1074 5152 811

99 5170 288 5305 Longulam
297 5167 339 5292 ἓξ.
394 5176 447 5223 811.
466 5168 541 5223 1111.
562 5168 642 5237 dorp.
661 5167 724 5233 Res.
742 5168 789 5223 tx.
811 5166 867 5221 121.

285 5253 301 5293 8
329 5254 385 5292 rac.

1136 2386 1280 2449 viderem
1310 2407 1361 2449 me
1389 2385 1508 2451 habere
1537 2386 1622 2467 quod
1652 2387 1940 2452 calumniatoribus
1962 2410 2104 2470 oppone-

1136 2492 1218 2536 rem:
1249 2483 1281 2534 et
1309 2480 1478 2553 praeterea
1507 2473 1637 2536 libcrari
1665 2472 1721 2535 illa
1749 2474 1912 2536 anxietate
1942 2473 2105 2556 deligendi

1134 2557 1206 2634 loci,
1236 2558 1271 2619 in
1300 2577 1365 2638 qua
1388 2578 1423 2621 18
1454 2558 1534 2621 nihil
1562 2579 1696 2639 prorsus
1730 2559 1793 2622 nisi
1821 2580 1862 2623 ex
1892 2568 1949 2622 tuo
1971 2559 2104 2625 consilio

1134 2644 1240 2707 188818
1261 2645 1501 2707 constitueram.
1525 2644 1642 2726 Itaque
1654 2664 1715 2726 888
1735 2644 1791 2708 tibi
1805 2646 1953 2727 ingentes
1972 2647 2102 2728 gratias,

1135 2736 1168 2792 et
1188 2737 1221 2793 te
1241 2729 1394 2807 obtestor,
1421 2750 1522 2811 quum
1551 2739 1643 2793 18818
1676 2730 1795 2793 affectu
1824 2730 1909 2794 hano
1936 2731 2103 2796 ecclesiam

1134 2814 1275 2897 (malitia
1298 2835 1412 2879 eorum
1429 2836 1508 2897 quos
1526 2816 1662 2879 minime
1684 2815 1818 2881 decebat
1839 2837 1941 2897 paene
1963 2816 2103 2882 letaliter

1133 2900 1353 2986 vulneratam)
1386 2899 1564 2965 sanandam
1594 2902 1783 2984 susceperis,
1815 2923 1857 2966 ne
1891 2902 1996 2966 eidem
2025 2923 2103 2967 snae

1132 2985 1314 3051 valetudini
1342 2987 1407 3051 Dei
1434 2988 1591 3052 beneficio
1621 2995 1786 3069 utcunque
1808 2988 1978 3052 restitutae
1997 2989 2101 3054 cousi·

1132 3071 1186 3149 lio,
1206 3073 1433 3137 exhortatione
1462 3094 1499 3138 ac
1530 3074 1651 3138 sanctis
1680 3072 1832 3155 precibus
1860 3072 1974 3138 818888
1996 3075 2100 3157 tepi-

1131 3167 1216 3240 8881.
1250 3158 1342 3222 Idem
1366 3159 1464 3223 etiam
1488 3166 1557 3222 tota
1577 3158 1650 3241 ipsa
1671 3158 1807 3224 ecclesia
1828 3160 1995 3242 efflagitat.
2034 3160 2101 3224 Vix

1132 3243 1194 3310 dici
1223 3252 1330 3327 potest
1361 3265 1457 3327 quam
1490 3244 1648 3327 impedita
1680 3243 1734 3310 hic
1762 3244 1873 3308 omnia
1902 3246 2100 3310 invenerim:

1130 3351 1193 3412 quc
1221 3330 1326 3412 magis
1351 3339 1401 3395 est
1426 3329 1519 3395 nobis
1546 3329 1798 3412 praedicandum
1829 3330 1893 3393 Dei
1917 3350 1998 3411 opus
2015 3332 2102 3395 inter

1130 3437 1198 3492 888,
1223 3416 1308 3498 8881
1336 3417 1425 3480 18118
1447 3436 1567 3498 paucos
1590 3415 1658 3481 dies
1679 3437 1732 3480 res
1754 3415 1858 3480 multo
1880 3416 1913 3479 iu
1932 3415 2100 3480 meliorem

1130 3511 1250 3567 statum
1268 3512 1399 3583 praeter
1409 3522 1501 3586 spem
1512 3501 1693 3565 humanam
1715 3501 1887 3566 restitutae
1904 3511 2001 3566 sunt:
2024 3503 2101 3568 sub·

1129 3587 1215 3653 latae
1242 3608 1319 3652 vero
1349 3588 1533 3653 occasiones
1564 3586 1658 3665 mali,
1690 3594 1850 3670 quantum
1878 3587 2041 3652 Dominus
2068 3596 2101 3653 81

1129 3674 1240 3739 111818
1279 3682 1312 3738 81
1341 3695 1434 3755 88888
1462 3681 1495 3737 81
1525 3681 1690 3756 praestare
1723 3674 1889 3738 concessit.
1938 3673 2100 3738 Perendie

1129 3758 1218 3841 (Deo
1229 3761 1376 3828 iuvante)
1400 3758 1523 3841 aliquot
1538 3759 1705 3823 mensibus
1727 3759 1946 3831 intermissam
1965 3779 2099 3825 coenam

1128 3845 1262 3910 Domini
1305 3844 1548 3912 celebrabimus.
1612 3846 1778 3928 Angustia
1816 3845 1971 3926 temporis
2012 3845 2100 3927 cogit

1129 3951 1188 3997 888
1207 3932 1413 3996 festinantius
1435 3952 1531 4013 quam
1546 3950 1747 4013 cuperemus,
1772 3950 1876 4014 agera
1918 3930 2099 3994 Wesaliam

1128 4018 1214 4082 enim
1237 4017 1318 4081 mihi
1338 4015 1580 4100 properandum
1603 4025 1661 4093 est,
1683 4027 1722 4079 ut
1740 4024 1900 4097 quantum
1922 4016 1956 4079 in
1975 4036 2027 4079 me
2049 4021 2098 4080 est

1128 4104 1256 4168 miseris
1288 4103 1353 4168 illis
1383 4102 1528 4184 reliquiis
1560 4100 1736 4167 consulam.
1750 4104 1791 4182 ¹³)
1841 4101 1927 4165 Nam
1957 4121 2023 4164 non
2052 4102 2099 4164 ita

1127 4189 1267 4253 multum
1291 4197 1438 4272 superest
1464 4210 1504 4252 811
1533 4195 1677 4269 tempore
1704 4186 1770 4250 illis
1797 4207 1949 4251 concesso
1977 4185 2018 4249 ad
2045 4208 2098 4251 res

1126 4295 1203 4339 suas
1222 4274 1470 4357 componendas.
1504 4273 1651 4338 Wesalia
1673 4271 1830 4336 eritmihi
1846 4271 1989 4336 eundum
2002 4275 2041 4336 A.
2055 4273 2096 4358 ¹¹)

1126 4361 1285 4444 siquidem
1298 4360 1358 4425 hoc
1379 4381 1462 4424 ame
1484 4360 1612 4443 flagitat
1629 4357 1774 4423 eeclesia.
1808 4356 1876 4420 Vix
1895 4366 2008 4441 potero
2032 4359 2096 4424 huc

1127 4446 1233 4511 redire
1251 4456 1327 4511 8818
1354 4454 1544 4511 mereatum.
1584 4443 1676 4521 Vale,
1707 4443 1887 4508 clarissime
1912 4443 1964 4507 vir
1985 4455 2018 4508 et
2039 4445 2095 4510 cb·

1126 4532 1286 4599 servande
1303 4530 1421 4596 frater:
1444 4539 1519 4614 peto
1541 4539 1578 4594 ut
1594 4531 1743 4614 ignoscas
1766 4549 1912 4593 mearum
1924 4529 2095 4595 literarum

1208 4821 1254 4943 ἓ)
1273 4820 1486 4945 glomerem?
1508 4821 1604 4876 Verum
1625 4819 1698 4874 1111118
1716 4818 1793 4884 infra
1810 4819 1941 4872 1181111181,

1210 4957 1253 5026 13)
1281 4959 1392 5012 Fratres
1418 4957 1597 5011 Wesalienses
1623 4974 1678 5011 nou
1695 4957 1811 5023 deserui,
1830 4955 1895 5023 8818
1918 4958 1953 5012 811
1971 4973 2017 5011 888
2034 4975 2092 5013 sum

1123 5044 1248 5082 reversus
1266 5033 1297 5081 ut
1314 5029 1387 5095 ipsos
1405 5028 1560 5081 consolarer
1582 5027 1669 5094 iisque
1680 5042 1731 5098 pro
1740 5025 1811 5078 virili
1830 5040 1890 5077 mea
1907 5042 2093 5081 succurrerem

1123 5114 1207 5166 usquc
1226 5096 1305 5150 adid
1323 5110 1377 5150 tem
1398 5113 1429 5148 us
1448 5096 1520 5165 quod
1543 5096 1657 5149 abitioui
1676 5111 1769 5149 88188
1787 5094 1979 5162 praestitutum
1997 5095 2092 5150 188181

1123 5165 1332 5235 (1118881188.
1360 5114 1430 5225 211.)

1209 5232 1255 5301 14)
1272 5231 1479 5302 antwerpium?
1501 5231 1689 5288 Academia?
