4754 5880
291 329 353 393 115

292 516 360 581 tius
389 515 429 580 ds
462 515 604 598 ineptiis,
630 516 693 579 etsi
721 522 897 596 utrumque
929 533 1043 577 verum
1066 518 1124 578 est
1170 507 1263 587 Vale,

293 602 414 684 optime
437 608 471 666 et
499 601 711 684 integerrime
744 601 854 664 frater.
893 596 1057 662 Dominus
1087 608 1120 661 te
1142 594 1265 660 ineolu-

294 708 380 752 mem
403 685 496 752 nobis
517 685 666 752 adducat.
711 687 771 749 xix
794 683 926 767 Aprilis,
949 703 969 746 a
990 703 1097 748 ooena.
1124 683 1214 745 1556.

754 822 894 887 Ioannes
912 819 1071 910 Calvinus
1093 829 1179 884 tuus.

726 1278 827 1349 2435.

535 1435 798 1502 ZDRKINTES
817 1432 1034 1500 OALVINO.

383 1607 535 1689 Proponit
556 1610 584 1671 oi
596 1611 805 1691 quaestionem
815 1606 987 1671 turidieam
1004 1625 1041 1669 aa
1054 1605 1125 1669 iare
1133 1603 1264 1685 feudali.

295 1779 352 1845 (Ex
370 1778 525 1848 apographo
543 1778 607 1832 Cod.
627 1779 787 1831 Parisiensis
805 1777 870 1831 Coll.
881 1777 978 1845 Dupuy
997 1773 1125 1840 v01.102,
1144 1774 1188 1828 iol.
1208 1772 1265 1838 75.)

293 1949 493 2015 Dootissimo
522 1966 555 2014 et
583 1950 795 2032 integerrimo
827 1948 893 2012 viro
923 1946 964 2011 D.
984 1946 1102 2010 Ioanni
1128 1946 1266 2011 Calvino

295 2036 539 2101 Geuevonsium
573 2038 605 2100 in
635 2035 733 2100 verbo
751 2033 887 2097 Domini
908 2033 1057 2096 ministro
1085 2031 1265 2115 vigilantis·

416 2123 498 2185 simo
521 2121 667 2204 mihique
688 2121 776 2184 inter
797 2122 918 2203 primos
941 2117 1140 2182 honorando.

380 2294 548 2375 Torqueor
582 2292 686 2356 indies
707 2290 950 2375 quaestionibus
972 2290 1129 2367 molestis,
1151 2310 1171 2353 a
1193 2310 1265 2354 meo

294 2380 427 2462 ingenio
449 2388 484 2443 et
505 2377 714 2460 professione,
737 2379 765 2440 si
785 2377 873 2440 intra
895 2396 971 2440 suos
993 2375 1115 2439 limites
1137 2375 1265 2440 oonolu·

294 2464 399 2541 datur,
428 2464 553 2528 alienis.
599 2462 652 2526 Ad
679 2463 884 2545 iurisperitus
914 2462 1001 2525 enim
1032 2462 1140 2543 potius
1168 2480 1265 2542 quam

294 2550 416 2615 soribas
440 2549 610 2614 censuales
632 2569 690 2613 eeu
713 2563 750 2613 ut
771 2569 859 2612 nune
882 2557 1000 2612 vooant
1028 2547 1265 2611 commissarios

294 2636 462 2719 pertinent
495 2635 534 2699 de
560 2634 677 2718 quibus
705 2653 793 2698 nuno
821 2633 931 2716 agitur
960 2634 1176 2714 quaestiones.
1220 2634 1266 2697 Et

293 2722 371 2804 quia
402 2723 593 2805 gnavioram
626 2730 659 2785 te
691 2740 729 2785 ao
758 2719 997 2801 diligentiorem
1027 2720 1062 2781 in
1084 2717 1146 2783 hoc
1167 2719 1265 2782 offioii

293 2827 414 2891 genere
431 2808 597 2872 neminem
615 2804 728 2883 habeo,
752 2825 873 2887 quaeso
887 2812 1035 2887 utquam
1049 2803 1170 2885 poteris
1193 2805 1265 2869 bre·

294 2894 427 2959 vissime
459 2893 588 2958 eumulo
621 2892 801 2956 offioiorum
827 2899 958 2955 tuorum
977 2887 1077 2954 habes
1092 2893 1114 2970 ¹)
1138 2911 1265 2972 quoque

293 2979 371 3043 nodi
401 2986 525 3044 sertam
554 2998 591 3043 uo
621 2976 757 3042 solidam
780 2976 973 3041 solutionem
998 2976 1038 3040 ab
1058 2975 1185 3040 idoneis
1206 2974 1265 3040 ho·

293 3065 436 3130 minibus
475 3064 616 3129 elicitam
648 3062 758 3127 addas.
810 3061 1008 3145 Quanquam
1036 3061 1124 3125 enim
1158 3071 1265 3127 oertus

292 3150 375 3214 mihi
397 3150 510 3215 videor
531 3148 609 3232 quid
627 3148 825 3214 tensendum
847 3148 898 3224 sit,
922 3147 1008 3212 malo
1030 3155 1140 3210 tamen
1158 3167 1264 3212 meam

292 3238 491 3302 sententiam
513 3235 619 3300 aliona
647 3236 841 3300 confirmare
863 3243 920 3298 aut
941 3243 1077 3311 mutare,
1097 3253 1194 3315 quam
1218 3243 1265 3298 te·

293 3343 382 3387 mare
404 3332 436 3387 et
465 3323 536 3385 sine
558 3332 671 3384 autore
690 3320 843 3402 proferre.
883 3319 952 3383 Res
974 3320 1020 3382 ita
1042 3319 1157 3383 habet:
1196 3318 1264 3383 No·

292 3406 373 3473 biles
403 3408 524 3490 aliquot
553 3405 732 3471 inditione
754 3403 938 3471 Sabaudioa
960 3424 1044 3487 quae
1066 3404 1264 3470 Bernatibus

292 3504 395 3576 parat,
417 3514 517 3568 areas,
540 3493 674 3557 clientes
696 3505 729 3556 et
750 3492 985 3574 praestationes
1007 3509 1134 3555 annuas
1157 3491 1263 3555 omnis

293 3579 426 3662 generis
454 3579 630 3660 possident,
660 3578 846 3660 habentque
872 3576 970 3641 simul
993 3577 1028 3640 in
1050 3575 1132 3640 haee
1153 3576 1263 3640 omnia

292 3665 345 3729 ius
366 3663 478 3746 gladii,
504 3685 632 3727 merum
660 3674 693 3726 et
712 3665 852 3727 mixtum
874 3662 1050 3746 imperium
1073 3680 1111 3727 ao
1132 3682 1262 3726 omnem

291 3749 557 3815 iurisdietionem.
591 3749 814 3814 Oommissarii
836 3748 961 3813 fiscales
984 3746 1182 3829 reipublicae
1203 3768 1262 3811 no·

292 3837 381 3901 mine
414 3838 540 3900 instant
562 3845 598 3898 ut
630 3835 755 3900 nobiles
776 3835 825 3899 illi
846 3841 1026 3918 agnoscant
1044 3854 1079 3898 se
1101 3853 1171 3897 esse
1193 3834 1262 3898 feu-

292 3921 434 3986 datarios
466 3921 684 3986 Beruensium
717 3932 890 4004 tenereque
919 3928 952 3985 et
979 3917 1144 4002 possidere
1161 3920 1262 4000 impa-

292 4008 378 4072 rium
411 4006 493 4070 illud
514 4020 546 4071 et
573 4006 831 4072 iurisdietionem
853 4005 1114 4070 aBernensibus
1135 4005 1171 4067 in
1192 4005 1262 4069 feu-

293 4093 371 4158 dum
405 4093 512 4157 nobile
542 4093 667 4175 ligium,
701 4101 737 4157 ut
766 4101 894 4157 vocant.
937 4090 1053 4173 Neque
1082 4090 1170 4154 enim
1188 4111 1261 4155 oum

291 4180 431 4261 privatis
443 4178 605 4243 nobilibus
616 4179 705 4242 nasei
721 4181 858 4260 imperia
868 4189 902 4240 et
912 4176 1161 4253 iurisdictiones,
1174 4175 1231 4240 sad
1243 4197 1263 4240 a

292 4265 438 4348 principe
455 4265 603 4342 conferri,
616 4264 713 4346 idque
724 4264 777 4328 vel
794 4265 827 4327 in
844 4261 976 4327 feudum
987 4262 1073 4344 quod
1084 4281 1262 4344 agnoscen-

292 4350 371 4415 dum
383 4353 436 4429 sit,
448 4351 602 4415 sedares
620 4372 720 4432 quum
739 4359 867 4414 constet
884 4370 904 4412 a
922 4348 1066 4429 prinoipo
1083 4346 1261 4429 profeotam

292 4456 362 4500 esse
379 4437 635 4503 iurisdietionem
660 4448 693 4500 et
709 4435 853 4518 gladium
872 4435 928 4516 qui
949 4441 1077 4515 repetat
1098 4433 1149 4497 ius
1166 4454 1261 4497 suum

291 4522 389 4600 feudi,
413 4524 476 4588 nisi
499 4545 573 4586 reus
596 4523 711 4603 probet
722 4521 927 4586 concessione
949 4540 984 4583 se
1001 4539 1086 4601 pura
1108 4518 1169 4581 niti
1191 4520 1261 4583 sine

292 4609 513 4673 reservatione
540 4606 640 4671 feudi.
684 4607 730 4673 Ut
755 4607 851 4672 nardo
874 4607 910 4669 in
931 4604 993 4670 hoo
1016 4614 1172 4681 vertatur,
1195 4604 1261 4667 Do-

292 4694 382 4758 mino
413 4714 471 4758 seu
504 4693 642 4775 principi
666 4693 718 4756 ius
747 4714 842 4757 suum
861 4690 1067 4774 persequenti
1085 4711 1128 4754 an
1150 4710 1206 4754 reo
1227 4689 1262 4754 id

290 4780 423 4863 neganti
434 4780 603 4844 incumbat
621 4780 779 4861 probatio,
802 4798 904 4859 quum
922 4776 962 4840 do
980 4786 1049 4841 tota
1065 4774 1261 4840 iurisdietio-

291 4867 343 4930 uis
364 4866 530 4948 agnitione
553 4866 672 4946 agitur.
704 4863 861 4945 Alioquin
883 4864 962 4928 satis
984 4871 1109 4927 eertum
1131 4861 1262 4926 videtur

291 4953 390 5015 autori
413 4952 599 5016 incumbere
627 4949 860 5032 probationem,
883 4949 912 5013 si
933 4946 975 5012 de
995 4956 1087 5030 parte
1109 4949 1187 5026 eius,
1209 4957 1261 5011 ut·

290 5046 366 5121 pote
405 5034 547 5118 praedio,
587 5056 665 5118 agro
695 5048 753 5100 eto.
785 5043 1058 5101 contravertatur.
1114 5033 1261 5098 Maxime

290 5241 422 5307 a4ao.1)
440 5248 528 5296 tratur
546 5248 692 5309 comptus
709 5239 824 5305 videtur,
843 5246 867 5294 rt
885 5238 1018 5293 nonnulla
1035 5239 1239 5296 interciderunt.

1045 319 1307 388 EPIS'POLAF.
1330 321 1541 384 atat-2438

2226 318 2284 381 116

1315 527 1416 588 quum
1438 515 1550 571 nostra
1567 503 1750 588 respublica
1771 504 1871 569 armis
1891 504 1927 567 in
1943 503 2182 586 possessionem
2192 525 2285 570 vene

1316 593 1369 670 rit,
1392 613 1452 657 neo
1474 591 1650 656 autoritate
1671 592 1964 656 instrumentorum
1989 590 2151 654 instructa
2180 591 2225 656 sit
2245 589 2284 655 ad

1316 677 1536 760 probandum,
1571 676 1716 759 principe
1754 676 1930 758 superioris
1961 675 2116 757 temporis
2149 696 2189 741 ea
2220 697 2284 741 non

1317 763 1553 847 suppeditante.
1588 761 1680 839 Vale,
1699 773 1732 827 et
1753 770 1820 825 tam
1833 761 2006 844 diligenter
2021 761 2083 826 hoo
2100 782 2284 844 auraquam

1316 870 1376 932 ego
1411 859 1468 913 tua
1501 850 1619 926 omnia,
1653 846 1748 912 modo
1780 867 1855 912 mea
1883 867 1981 928 opera
2003 847 2125 912 vinaria
2147 848 2198 912 uti
2218 868 2283 912 nou

1316 956 1455 1001 reouses.
1500 934 1592 1000 Vale.
1637 933 1765 999 Bernae
1789 937 1838 997 21.
1862 932 1985 1014 Aprilis
2012 939 2100 997 1556.

1709 1071 1799 1135 Tuus
1825 1069 1979 1135 Nicolaus
2001 1069 2202 1135 Zerehintes.

1414 1792 1442 1835 s
1514 1736 1750 1803 sturmus
1774 1734 2090 1803 susurrasse.

1403 1908 1454 1974 De
1482 1909 1602 1990 foedere
1626 1907 1781 1971 nihildum
1810 1913 1920 1972 adura.
1965 1908 2088 1973 Loacus
2117 1911 2143 1972 et
2179 1907 2287 1991 Verpe·

1316 1997 1387 2060 rias
1409 1995 1445 2060 da
1467 2000 1612 2060 conventu
1628 1994 1745 2058 curiosi
1762 1996 1884 2075 frustra
1900 1999 2055 2079 ratapant.
2090 1993 2132 2057 Ia
2153 1993 2287 2058 Austria

1317 2087 1344 2146 et
1365 2080 1514 2146 Bovario
1535 2081 1605 2145 boui
1626 2080 1756 2144 seminis
1776 2081 1874 2160 cepio.

1285 2209 1286 2215 ¹
1318 2253 1374 2315 (Ex
1392 2252 1559 2321 autographo
1578 2250 1642 2303 Ood.
1656 2250 1757 2303 Gener.
1778 2248 1983 2315 1071101134.
2003 2279 2033 2288 -
2053 2251 2122 2320 lipp.
2140 2251 2222 2305 Bern.
2241 2251 2289 2304 Vl.

1372 2319 1432 2373 605.
1469 2322 1575 2374 Simler.
1593 2320 1657 2373 Vol.
1675 2318 1718 2372 87.
1753 2319 1848 2371 Verrio
1867 2320 1956 2387 anglia
1975 2319 2079 2372 Philad.
2098 2319 2145 2372 111.
2164 2319 2239 2386 268.)

1317 2491 1535 2557 Ornatissimo
1568 2492 1638 2556 viro
1656 2492 1697 2555 D.
1728 2490 1896 2555 Henrioho
1913 2491 2114 2574 Bulliugero,
2135 2491 2290 2558 eooleeiae

1316 2579 1496 2662 'ligurinae
1528 2576 1592 2641 fido
1621 2577 1759 2725 55855ιὲ1,ἰ
1784 2576 1876 2675 fratri
1907 2586 1940 2640 et
1961 2587 2163 2660 symmystae
2181 2577 2289 2642 colen-

1761 2684 1870 2726 ssrmo.

1391 2834 1426 2901 S.
1440 2832 1600 2899 Redditas
1611 2833 1693 2898 mihi
1705 2842 1793 2912 sunt,
1806 2832 1990 2898 veneranda
2001 2832 2113 2912 frater,
2127 2843 2203 2898 tuae
2215 2853 2289 2898 sua·

1316 2921 1470 2987 vissimae
1481 2920 1638 2997 literae,¹)
1656 2930 1689 2985 et
1700 2920 1798 2984 simul
1817 2918 1987 3001 Westpbuli
1998 2919 2160 2997 refutatio,
2174 2919 2215 2984 de
2226 2940 2290 3002 qua

1317 3009 1376 3073 tibi
1398 3008 1521 3091 gratias
1543 3027 1605 3090 ago
1628 3005 1749 3087 dupliei
1778 3005 1925 3082 nomine,
1949 3013 1982 3069 et
1998 3005 2039 3069 ob
2060 3004 2205 3069 laborem
2228 3027 2288 3088 pu·

1316 3094 1399 3158 bliee
1430 3092 1581 3156 omnibus
1622 3092 1685 3173 piis
1725 3092 1929 3173 impensum,
1964 3099 1996 3154 et
2029 3091 2104 3173 quia
2136 3111 2190 3154 me
2226 3091 2288 3156 hoo

1316 3179 1437 3244 amoris
1467 3178 1652 3243 testimonio
1685 3176 1838 3260 dignatus
1870 3178 1923 3241 sis.
1964 3177 2016 3241 De
2048 3174 2178 3241 foedere
2205 3176 2289 3240 nihil

1316 3264 1432 3341 scribo,
1453 3264 1531 3346 quia
1553 3262 1642 3327 dubii
1654 3262 1831 3344 pendemus
1842 3265 1885 3339 ῆι
1907 3261 1964 3327 sed
1987 3284 2029 3326 ex
2046 3262 2166 3326 nuncio
2188 3283 2288 3327 even-

1316 3359 1387 3414 tum
1420 3349 1592 3432 intelliges.
1636 3349 1773 3415 Utinam
1802 3345 1960 3413 eiusmodi
1988 3348 2040 3424 sit,
2068 3349 2124 3430 qui
2147 3369 2288 3413 eommu-

1316 3457 1390 3500 nem
1423 3434 1515 3499 nobis
1548 3434 1706 3500 laetitiam
1739 3435 1863 3499 afferat.
1915 3433 1953 3498 Si
1986 3433 2160 3515 repudient
2187 3434 2287 3499 vieini

1315 3520 1400 3604 quod
1435 3542 1523 3586 nuno
1551 3520 1682 3585 demum
1704 3521 1850 3598 offertur,
1883 3540 1950 3583 non
1975 3520 2041 3583 iam
2065 3520 2286 3584 morositatem

1315 3628 1418 3686 suam,
1447 3628 1513 3672 non
1541 3606 1718 3685 fastidium,
1747 3627 1814 3671 non
1843 3613 2064 3687 contemptum
2093 3607 2208 3684 nostri,
2231 3604 2287 3671 sed

1314 3693 1519 3776 implaoabile
1537 3691 1649 3787 odiqm
1672 3690 1819 3776 prodent.

1400 3780 1540 3843 Tantam
1569 3780 1604 3842 iu
1622 3779 1761 3844 Austria
1782 3788 1816 3842 et
1836 3778 2020 3858 Bavaria⁸)
2048 3775 2122 3841 boni
2153 3778 2287 3841 seminis

1314 3866 1451 3947 sopiam,
1480 3865 1630 3948 quamvis
1654 3864 1695 3929 ad
1724 3872 1854 3946 tempus
1877 3863 2035 3927 suffocata
2056 3871 2197 3939 maneat,
2219 3863 2287 3927 Do·

1313 3954 1424 4015 minus
1456 3952 1622 4034 exstingui
1652 3972 1718 4013 non
1740 3950 1835 4014 sinet.
1879 3949 2066 4032 Praesagiis
2082 3949 2216 4013 interim
2239 3969 2287 4013 os

1314 4038 1435 4114 tendit,
1474 4057 1509 4101 se
1545 4036 1735 4100 indomitam
1775 4033 1888 4099 mundi
1921 4036 2159 4099 oontumaoiam
2200 4033 2285 4098 velle

1314 4123 1476 4206 subigere.
1522 4120 1559 4186 Si
1578 4143 1597 4185 a
1618 4122 1711 4187 nohis
1732 4121 1868 4203 incipiat
1889 4120 1981 4202 digni
2004 4141 2116 4185 sumus
2146 4120 2182 4184 in
2207 4141 2286 4202 quos

1314 4229 1426 4274 severe
1465 4207 1714 4272 animadvertat.
1759 4205 1827 4272 Sed
1860 4205 2024 4288 rogandus
2057 4207 2128 4285 erit,
2162 4214 2199 4269 ut
2227 4226 2285 4288 pro

1314 4302 1451 4376 paterna
1462 4294 1635 4358 elementia
1656 4293 1750 4357 nobis
1768 4294 1924 4375 ignosoat.
1957 4290 2123 4356 Dominus
2145 4290 2285 4356 Ioannes

1314 4401 1334 4444 o
1357 4379 1456 4444 Lusco
1469 4382 1497 4454 ⁴)
1520 4379 1581 4443 sibi
1593 4389 1789 4444 eonventum
1813 4379 1953 4460 aliquem
1971 4378 2143 4459 promittit,
2162 4375 2203 4440 de
2222 4398 2285 4459 quo

1314 4464 1398 4530 nihil
1429 4485 1534 4548 spero,
1563 4486 1630 4528 non
1652 4464 1747 4529 modo
1769 4466 1845 4547 quia
1867 4461 2036 4547 satagendi
2058 4463 2167 4528 ferror
2189 4483 2286 4545 saepe

1314 4755 1449 4820 24851)
1468 4754 1508 4810 N.
1525 4753 1602 4808 2406.

1416 4823 1446 4884 2)
1468 4824 1535 4892 Rep.
1553 4825 1591 4878 du
1612 4822 1717 4879 Conseri
1732 4823 1774 4877 20.
1793 4824 1863 4891 Apr.

1415 4893 1445 4959 3)
1470 4892 1633 4962 Urpeatrbos
1650 4894 1766 4949 staron
1783 4893 1899 4947 ducatus
1916 4891 1974 4944 das
1984 4890 2112 4945 Alontas
2127 4891 2156 4944 V.
2174 4908 2200 4945 o.
2221 4890 2287 4948 1556

1314 4962 1354 5017 ol'
1372 4964 1426 5018 uod
1443 4964 1552 5017 initium
1574 4964 1779 5029 reformationis
1801 4963 1929 5016 hortanus
1951 4961 2018 5026 tecit
2041 4964 2070 5013 ut
2091 4960 2201 5014 coliem
2225 4977 2286 5014 con·

1314 5047 1342 5087 oe
1391 5038 1416 5086 et
1440 5031 1598 5087 volmarus.
1632 5030 1815 5100 (Segestam,
1839 5030 1961 5084 Boiema
1985 5026 2119 5083 Kirohen·
2141 5046 2169 5081 a.
2191 5027 2287 5084 Vollbe-

1313 5100 1506 5236 qqsatdngge2qm
1531 5101 1572 5153 16.
1590 5100 1659 5154 Jbb.
1680 5117 1708 5168 p.
1726 5100 1768 5154 83.
1805 5099 1938 5165 Medicus,
1958 5096 2052 5153 Gestis
2072 5097 2120 5151 der
2143 5113 2181 5152 eo.
2201 5096 2238 5151 Κ.
2257 5100 2287 5153 r'n

1416 5238 1446 5304 4)
1468 5237 1510 5303 ef.
1529 5239 1566 5292 ιι.
1583 5236 1661 5290 arra.
