4754 5880
190 343 204 370 ⁶
284 358 326 421 aa
1032 352 1294 420 lambente
1316 358 1528 420 asse-seso
2232 353 2273 414 τι

247 569 249 573 ’
368 542 411 607 Ι).
434 543 567 608 eLasco
586 543 761 626 plurimum
779 551 812 606 te
834 542 963 620 salutat,
981 544 1036 626 qui
1058 543 1121 608 nisi
1140 542 1253 608 morbo
1389 544 1461 627 Ego
1493 543 1571 609 huic
1599 543 1719 609 tradidi
1750 544 1935 626 exemplum
1965 540 2157 608 concordiae
2177 541 2271 607 nobis

282 626 495 712 impediretur
523 628 564 693 ad
592 637 624 692 ts
652 630 834 710 scripturus
855 636 935 693 erat.
980 629 1066 694 Nam
1087 627 1183 694 valde
1205 630 1253 693 of·
1302 648 1408 710 nuper
1419 629 1555 707 oblatae,
1563 631 1607 703 Μ)
1630 628 1715 712 qnod
1737 638 1813 693 ante
1835 627 1915 693 dnos
1933 649 2062 693 menses
2082 632 2196 690 nactus
2214 626 2269 691 fui.

282 714 394 780 sensus
414 714 476 777 fuit
493 714 866 796 narrationedupustici
887 715 922 778 in
946 718 963 778 3
987 724 1058 792 art,
1071 716 1114 797 18)
1132 715 1167 777 in
1189 735 1253 796 quo
1303 711 1340 778 Si
1378 715 1524 781 licuisset
1563 715 1670 779 denuo
1708 714 1959 796 descripsissem.
2012 712 2080 779 Sed
2112 711 2270 776 iudicabis

283 798 327 863 D.
359 799 501 865 aLoscc
523 797 656 882 indigne
678 800 820 883 sugillat,
842 820 937 882 quem
960 800 1027 864 indi
1052 801 1127 864 nius
1148 799 1253 864 multo
1302 819 1429 883 quoque
1458 801 1498 866 de
1530 802 1611 865 meis
1644 800 1918 865 annotatiunculis
1951 820 2031 881 ques
2063 797 2167 862 obiter
2196 818 2272 863 eon·

282 884 531 966 compellaverat
552 885 586 949 in
609 885 666 949 illo
688 886 833 950 caeteris.
879 883 946 949 Sed
975 822 1069 951 crede
1089 885 1172 949 milri
1189 885 1253 950 ista
1302 885 1418 968 scripsi
1450 896 1520 950 tum
1553 886 1709 969 temporis
1741 886 1940 969 ingratiam
1970 883 2272 982 consulisqsenioris

272 971 392 1034 omnia
425 979 504 1034 sunt
534 969 671 1053 indigna
692 970 824 1034 chartis.
869 970 940 1035 Nisi
963 970 1016 1037 hic
1038 981 1171 1055 propter
1193 970 1252 1034 ali·
1302 972 1379 1035 anni
1398 973 1635 1055 propraetoriti.
1666 972 1759 1054 Rogo
1782 992 1823 1035 ne
1843 971 1990 1054 graveris
2012 969 2093 1033 mihi
2115 968 2273 1033 rudrorum

281 1074 363 1138 quas
386 1053 516 1118 divitias
537 1054 674 1120 haberet
695 1054 899 1137 quorundam
920 1056 1091 1121 hominum
1115 1056 1252 1138 applau·
1302 1064 1395 1120 tuum
1419 1058 1459 1122 de
1481 1059 1631 1122 omnibns
1653 1057 1839 1122 rescribere.

283 1161 365 1217 som,
379 1140 519 1221 turpiter
540 1139 580 1204 ab
602 1141 752 1206 omnibus
764 1140 999 1223 exploderetur.
1033 1141 1126 1206 Nihil
1148 1142 1252 1225 magis
1390 1143 1500 1207 Habet
1528 1143 1624 1209 aliem
1652 1163 1777 1226 quoque
1806 1143 2026 1224 quaestionem
2050 1161 2124 1205 eum
2150 1139 2260 1222 duplic

282 1246 427 1307 unquam
456 1226 579 1289 invitus
601 1227 672 1303 feei,
694 1247 791 1308 quam
819 1227 973 1309 descripsi
995 1227 1056 1292 has
1078 1228 1251 1311 apologias.
1305 1247 1470 1309 responso.
1515 1229 1601 1295 Eece
1630 1228 1722 1293 vides
1756 1228 1840 1311 quod
1874 1248 1926 1292 me
1956 1248 2021 1291 non
2043 1225 2166 1309 pudeat
2184 1224 2270 1308 apud

282 1309 370 1376 Sunt
396 1310 528 1393 quidam
553 1312 608 1392 qui
637 1312 730 1376 nobis
752 1311 806 1376 hio
827 1312 1040 1377 obtruserunt
1061 1311 1103 1376 D.
1129 1312 1252 1394 Crispi-
1303 1320 1335 1375 te
1356 1314 1526 1393 balbutire,
1550 1323 1587 1379 ut
1609 1313 1730 1397 aliquid
1754 1314 1876 1378 discam
1897 1312 2024 1377 melius.

281 1415 365 1472 num,
378 1400 421 1467 ¹⁹)
451 1396 568 1478 quibus
597 1395 669 1461 ideo
701 1418 773 1461 sum
796 1398 974 1462 reluctatus
996 1396 1082 1479 quod
1104 1419 1170 1463 non
1192 1419 1252 1481 pu·

280 1489 383 1545 terem
403 1483 511 1544 virum
530 1481 612 1546 velle
635 1482 692 1546 tali
708 1484 784 1565 iugo
802 1483 1063 1548 collasubiieere.
1099 1486 1253 1549 Attamen

284 1567 374 1631 nolui
402 1574 435 1631 te
463 1566 496 1630 id
526 1566 636 1643 latere,
669 1567 697 1631 si
718 1569 801 1632 forte
823 1568 871 1632 illi
900 1588 964 1633 non
987 1568 1027 1633 de
1049 1569 1153 1633 nihilo
1174 1569 1254 1634 talia

281 1651 321 1716 de
342 1654 411 1734 ipso
434 1651 558 1732 loquuti
576 1661 694 1717 essent.
736 1653 851 1718 Multis
880 1653 936 1718 ille
961 1654 1147 1719 nominibus
1170 1664 1254 1719 esset

280 1736 361 1801 mihi
394 1738 609 1820 gratissimus.
665 1738 800 1803 Utinam
832 1738 997 1804 Dominus
1032 1740 1132 1804 donet
1160 1741 1254 1805 nobis

282 1821 422 1887 alterum
461 1822 664 1888 Richardum.
722 1824 884 1890 Dominus
921 1825 1014 1890 Iesus
1054 1836 1085 1889 te
1119 1827 1255 1908 sospitet

284 1929 425 1990 suaeque
443 1929 540 1989 quam
554 1909 734 1974 diutissime
752 1919 862 1974 servet
883 1911 1078 1976 incolumem
1091 1911 1253 1977 ecclesiae.
1735 1907 1835 1978 2386.

283 1993 419 2075 Raptim
442 1991 472 2056 8.
496 1993 592 2058 Febr.
621 1999 707 2058 l556.
1612 2062 1731 2127 ΒΕΖΑ
1755 2061 1845 2126 GAL
1848 2061 1899 2125 VI
1902 2062 1929 2126 N
1932 2060 1972 2126 Ο·

400 2130 490 2194 Tuus
508 2131 815 2196 observantissimus
834 2131 1009 2197 clientulus
1026 2142 1060 2196 et
1078 2133 1255 2214 discipulus

727 2218 760 2279 in
784 2217 917 2283 Christo
1394 2233 1518 2297 Narrat
1545 2234 1621 2314 quid
1645 2233 1793 2298 Neoooms'
1810 2240 1913 2297 actum
1935 2235 1976 2298 sit
1996 2235 2035 2298 de
2056 2233 2193 2315 eluendo
2214 2237 2271 2300 mi·

947 2302 988 2367 V·
1019 2302 1184 2368 POllfflmS·
1305 2321 1406 2384 cisto
1427 2320 1481 2400 qui
1506 2319 1743 2384 Parisiensr'bus
1764 2319 1806 2383 ad
1827 2324 1948 2399 tempas
1968 2321 2146 2384 miteretur.

368 2470 536 2536 Uxorcula
554 2492 625 2535 mee
648 2482 679 2535 te
690 2482 879 2536 reverenter
896 2495 947 2538 re·
1028 2476 1030 2480 ’
1306 2490 1360 2554 (Itx
1379 2490 1546 2558 autographo
1564 2490 1629 2542 Ood.
1648 2488 1727 2543 Goth.
1745 2487 1806 2554 404,
1825 2491 1870 2541 ubi
1888 2506 1951 2557 pars
1969 2491 2045 2556 prior
2062 2492 2193 2560 epistolae
2211 2492 2275 2545 folio

284 2555 412 2620 salutat,
459 2556 577 2621 Saluta
604 2558 686 2621 meis
716 2559 823 2622 verbis
845 2559 947 2640 pluri.
1307 2557 1365 2624 730,
1393 2575 1456 2626 pers
1483 2561 1618 2627 posterior
1644 2559 1708 2611 folio
1733 2556 1783 2610 138
1808 2559 1941 2624 inscripta
1961 2566 2011 2613 est
2031 2587 2060 2596 -
2080 2560 2175 2612 lididit
2200 2561 2275 2616 Bret-

283 2662 371 2704 mum
407 2643 447 2704 D.
485 2642 774 2708 Sanctandrconum
797 2654 830 2707 et
860 2643 947 2726 Roy-
1621 2723 1625 2731 .
1656 2627 1797 2680 schneider
1814 2644 1841 2695 p.
1860 2624 1928 2686 105.)

282 2727 429 2791 mondum
468 2749 540 2791 cum
576 2729 709 2811 reliquis
740 2731 944 2814 symmystis:
1551 2799 1557 2810 .
1956 2799 1961 2811 Ι
2165 2799 2171 2811 ⁸
2201 2798 2208 2811 ·

283 2812 324 2876 D.
347 2811 528 2894 Ortspinm
546 2834 682 2897 quoque,
701 2813 843 2878 obsecro,
1393 2800 1423 2861 A
1452 2797 1619 2862 Monsreur
1649 2809 1681 2861 et
1704 2818 1781 2881 pere
1803 2798 1849 2862 M.
1873 2796 1989 2865 Calvrn
2010 2799 2104 2864 fidele
2128 2807 2277 2864 mlmstre

1307 2881 1347 2946 de
1367 2883 1399 2947 la
1416 2883 1526 2965 parole
1548 2882 1587 2947 de
1609 2881 1705 2948 Dien.

368 3000 458 3064 Dum
480 2999 534 3064 hic
557 3001 745 3067 tabellarius
766 3002 890 3067 abitum
913 3002 1031 3082 differt,
1055 3026 1128 3070 ecce
1145 3003 1185 3069 D.
1205 3006 1252 3070 Io.
1991 2972 2022 3035 Α
2045 2969 2192 3035 Geme’

283 3106 303 3148 a
328 3084 513 3169 Glawburqo
534 3085 573 3151 de
596 3087 754 3152 mittendo
773 3089 843 3170 ipso
863 3097 919 3153 eut
942 3089 1005 3154 alio
1025 3089 1194 3155 Genevam
1212 3090 1254 3156 ad

283 3179 315 3234 te
337 3191 464 3237 mecum
483 3173 560 3255 agit,
582 3194 657 3237 cum
675 3174 743 3239 suis
760 3173 918 3250 literis²⁰l
938 3175 1132 3240 etomnibus
1154 3177 1255 3259 scrip·

283 3256 334 3334 tis,
365 3263 404 3321 ut
432 3258 514 3322 nrihi
546 3260 706 3342 exposuit.
749 3259 844 3343 Rogo
877 3269 919 3339 te,
947 3261 992 3324 mi
1015 3261 1200 3326 venerande
1218 3263 1254 3326 in

1391 3138 1425 3204 S.
1446 3139 1607 3204 Postridie
1618 3162 1716 3222 quam
1728 3140 1840 3206 literas
1862 3149 1935 3205 tuas
1957 3140 2066 3223 accepi
2077 3141 2279 3206 Neooomum

1305 3225 1469 3308 profectus
1501 3245 1576 3290 eum
1608 3223 1773 3291 Praenotio
1784 3231 1808 3303 1)
1837 3237 1946 3291 nostro
1975 3246 2029 3290 eos
2059 3226 2190 3291 demum
2221 3228 2277 3293 ad·

1305 3311 1396 3376 hibui
1417 3313 1453 3375 in
1472 3312 1641 3377 consilium
1664 3333 1738 3377 eum
1756 3313 1797 3377 D.
1818 3310 1947 3378 Forello
1968 3313 2040 3377 sine
2058 3313 2177 3394 quibus
2199 3335 2276 3378 con·

283 3340 416 3407 Ohs¹⁸t⁰
438 3353 532 3426 23161
533 3395 541 3422 r
564 3353 602 3407 ut
624 3365 722 3426 quam
745 3354 901 3410 ⁰¹t¹⁸⁸¹m⁰
924 3367 1028 3431 9⁰⁸⁸¹⁸
1045 3347 1252 3429 ¹⁰⁸p⁰⁰d⁰²⁸‘
1304 3397 1380 3462 sciis
1402 3418 1455 3462 res
1476 3399 1540 3462 ista
1552 3397 1775 3462 administrari
1793 3399 1922 3464 omnino
1940 3399 2134 3480 nonpotuit,
2158 3420 2276 3481 nempe

1306 3480 1560 3562 christophorum
1591 3492 1625 3548 et
1663 3482 1926 3549 Dornmortc'cum.
1987 3482 2040 3548 Ibi
2078 3482 2274 3565 Bresseus²)

280 3426 353 3492 Non
376 3428 548 3493 videbatur
569 3451 667 3494 causa
690 3430 773 3495 bono
791 3429 923 3495 domino
945 3432 1145 3514 usqueadeo
1168 3432 1254 3498 diffi-

280 3513 366 3578 cilis:
397 3514 454 3579 sed
482 3514 586 3579 voluit
615 3516 650 3579 in
679 3517 819 3598 gratiam
853 3517 1005 3583 ecclesiae
1035 3526 1131 3600 atque
1154 3520 1253 3583 etiam
1581 3570 1587 3583 .
1731 3570 1737 3582 .
1872 3572 1879 3583 .
1933 3571 1938 3583 .
2025 3571 2031 3584 .
2170 3570 2175 3583 .

279 3598 321 3662 ad
344 3600 514 3665 evitandas
537 3620 651 3664 omnes
672 3603 815 3667 rationes
837 3611 893 3667 tuo
915 3605 965 3668 uti
987 3601 1106 3669 iudicio
1124 3615 1158 3670 et
1178 3624 1254 3669 con·
1304 3569 1605 3668 maltipfflitemt
1626 3592 1666 3634 ⁰¹
1685 3568 1802 3651 ‘imbus
1819 3571 1916 3668 fami
1930 3569 2146 3654 ¹¹¹i⁰ss¹g⁰r⁰m
2167 3591 2276 3652 ΨΜ

279 3684 362 3750 silio.
413 3687 574 3750 Dominus
607 3686 701 3751 Iesus
740 3688 850 3751 omnia
884 3689 965 3753 bene
993 3697 1101 3754 vertat
1132 3690 1172 3754 ad
1201 3690 1253 3755 sui
1303 3674 1369 3718 ¹¹⁰⁰
1398 3664 1444 3718 ¹t²²
1475 3654 1617 3754 hbefffier
1645 3655 1705 3720 ¹¹⁰⁰
1734 3676 1818 3754 ⁰⁰⁰⁸.
1837 3656 2041 3755 .⁸⁰b¹t¹¹r¹¹m·
2078 3654 2145 3721 sed
2168 3677 2272 3754 imum

278 3771 420 3835 nominis
453 3771 592 3855 gloriam
626 3783 658 3835 et
691 3773 844 3838 ecelesiae
877 3774 1147 3841 aedificationem.
1200 3775 1252 3840 De
1303 3738 2276 3824 11001108θοθῖηηονῃωθοῃῦὼυωωρθῐθ’(1“οἀ1ωεθ

278 3857 542 3940 Aquiggmnoaq
572 3869 605 3920 et
629 3857 778 3923 wasalia
804 3859 888 3923 nihil
917 3862 1032 3927 mbo·
1072 3859 1193 3926 alumni
1218 3884 1253 3926 es
1303 3826 1423 3907 passim
1446 3847 1512 3889 non
1535 3826 1629 3891 modo
1641 3828 1849 3891 notissimum
1871 3827 1910 3891 de
1923 3828 2054 3891 nomine
2076 3838 2109 3891 et
2131 3825 2170 3890 de
2193 3829 2275 3893 facie

279 3963 321 4005 ex
345 3942 407 4009 hoc
435 3943 536 4006 fratre
565 3945 684 4008 omnia.
725 3945 850 4009 Iterum
873 3946 947 4011 vale
967 3947 1003 4010 in
1026 3946 1160 4012 Christo
1181 3947 1253 4012 feli·
1303 3931 1373 4008 ²⁸.⁸⁰
1394 3919 1579 4010 tffltffitbr’
1602 3911 1659 3977 sed
1677 3912 1776 4011 itiam
1795 3912 1943 3994 plurimis
1961 3912 2007 4010 ita.
2029 3922 2214 4010 impeitmn
2239 3924 2276 3978 ut

278 4027 366 4092 oster,
413 4034 460 4091 12,
483 4029 581 4093 febr,
610 4034 697 4093 1556¹
1304 3995 1477 4079 aliquando
1506 4010 1605 4062 otram
1634 3997 1764 4063 latitare
1793 4013 1826 4061 et
1844 3998 1976 4063 tandem
1998 3997 2089 4063 rlhne
2107 3997 2275 4063 discedere

1275 4051 1400 4146 'fuerit
1427 4093 1565 4148 coactus.
1615 4083 1726 4163 Quum
1760 4083 1821 4149 hoc
1856 4083 2061 4148 audissemus
2084 4083 2178 4150 nobis
2208 4105 2274 4149 non

522 4166 558 4228 Τ.
582 4164 889 4233 observantissimus
912 4167 999 4232 filius
1022 4177 1054 4232 et
1072 4168 1251 4252 discipulus
1275 4145 1280 4215 1
1302 4167 1425 4249 placuit
1455 4169 1596 4250 amplius
1625 4189 1760 4253 urgere:
1792 4191 1891 4251 quum
1921 4171 1991 4252 ipse
2017 4169 2161 4251 alioquin
2184 4170 2274 4234 affir-

790 4254 824 4316 in
847 4253 980 4319 Christo
1275 4237 1416 4339 inraret,
1446 4274 1480 4318 se
1509 4254 1592 4318 nibil
1620 4255 1720 4321 fuisse
1747 4255 1902 4321 libentius
1927 4257 2100 4332 facturum,
2123 4256 2274 4321 etiamsi

942 4338 983 4402 V.
1008 4338 1177 4404 Pollanus.
1274 4352 1440 4403 tmortem
1472 4353 1674 4421 praesentem
1704 4340 1839 4407 haberet
1871 4339 1911 4405 ob
1938 4340 2057 4418 oculos,
2090 4361 2187 4422 quam
2216 4342 2276 4406 ali·

1195 4445 1199 4449 ¹
1302 4424 1430 4506 qnando
1452 4425 1488 4488 in
1511 4448 1548 4490 eo
1570 4427 1641 4511 ipso
1663 4427 1733 4492 loco
1755 4428 1935 4508 quaesitam
1957 4426 2107 4491 invenire
2129 4448 2194 4490 non
2217 4449 2275 4510 po·

364 4523 406 4589 D.
441 4545 461 4588 a
492 4523 591 4589 Lusco
624 4525 800 4608 plurimum
832 4536 863 4590 te
893 4526 1024 4592 salutat.
1068 4525 1133 4592 Oui
1156 4526 1250 4592 valde

278 4609 451 4676 molestum
482 4621 530 4674 est
557 4611 643 4692 quod
664 4611 804 4676 scribere
831 4622 980 4695 nequeat,
1010 4621 1181 4695 postquam
1198 4613 1249 4676 in·

278 4695 407 4761 tellexit
428 4693 469 4758 D·
497 4694 733 4779 Gtawterqicm
756 4697 836 4763 haee
859 4698 899 4762 ad
918 4707 952 4763 16
973 4700 1112 4763 mittere·
1385 4714 1433 4784 22)
1451 4716 1638 4770 susanae:
1664 4717 1704 4769 De
1731 4732 1808 4770 secra
1831 4718 1937 4770 Domini
1954 4733 2038 4770 coena
2055 4732 2086 4768 ee
2113 4717 2219 4769 duabus
2245 4720 2274 4770 in

1300 4785 1408 4838 Obristo
1433 4787 1538 4837 naturis
1562 4787 1705 4839 concordie
1726 4797 1754 4838 et
1771 4787 1934 4839 christianae
1952 4786 1986 4839 ds
2004 4792 2120 4854 utroque
2144 4786 2273 4854 loquendi

1299 4853 1430 4908 formulae
1457 4855 1694 4909 concionatoribus
1720 4855 1928 4908 Francoiordine
1955 4854 2141 4907 observandae
2168 4872 2218 4923 per
2237 4856 2273 4909 11.

365 4915 410 4978 18)
431 4916 507 4971 Haec
521 4919 600 4972 nobis
617 4934 673 4971 non
691 4919 860 4983 satisfacite
876 4919 1183 4974 decidendoeidentur.
1205 4918 1251 4975 De
1301 4922 1433 4976 Bucerum
1451 4923 1621 4977 constitutae.
1656 4924 1753 4976 Actum
1771 4923 1978 4977 Francosordiac
1996 4923 2040 4975 dis
2058 4923 2094 4975 ix.
2115 4924 2178 4978 Dec.
2197 4924 2274 4978 1542.

277 4989 433 5055 Acqrrctr'no
456 5003 480 5040 c.
499 4995 552 5040 not.
570 4987 596 5040 3.
634 4987 678 5039 De
700 4992 778 5041 artic.
802 4987 827 5053 3,
850 4991 969 5051 fortasse
990 4988 1190 5055 respiciendum
1212 4990 1251 5044 od
1301 4991 1391 5055 (Tora.
1411 4991 1508 5059 ceptio.
1525 4990 1585 5047 697.
1620 4990 1680 5046 Re.
1701 4992 1765 5046 Hdl.
1789 4991 1836 5045 Tb.
1853 4989 1887 5047 il.
1905 5009 1931 5061 p.
1951 4990 2005 5055 13.)

277 5070 310 5110 eo
327 5071 398 5125 quac
414 5055 535 5107 dicamas
553 5064 606 5109 not.
627 5056 659 5109 13
677 5064 701 5108 et
724 5052 760 5106 14.
1301 5058 1432 5124 238111)
1454 5060 1491 5112 N.
1510 5058 1584 5125 2381,
1609 5068 1664 5114 not.
1686 5059 1709 5113 5.
1748 5061 1824 5115 Male
1841 5061 1892 5114 Br.
1917 5060 2069 5113 Praenotio.
2110 5057 2186 5128 Quae
2208 5062 2275 5116 dicit

364 5123 412 5190 19)
429 5124 491 5244 51⁴0
508 5132 588 5202 poete
606 5131 631 5178 et
647 5140 725 5193 quem
746 5127 776 5177 c'n
793 5120 895 5184 finem?
928 5126 974 5177 An
991 5125 1029 5179 ed
1045 5125 1253 5181 ministerium?
1300 5130 1436 5197 occepisse
1452 5129 1554 5196 litorea
1572 5145 1619 5183 ece
1635 5147 1690 5182 non
1709 5137 1824 5185 cenant.

361 5191 409 5250 20)
448 5192 584 5259 operatae.
1403 5198 1431 5261 2)
1449 5197 1638 5264 ludimeqirter
1654 5198 1850 5253 Ncoeomensr‘s
1869 5198 1904 5251 N.
1926 5196 1999 5252 1571.
2017 5195 2093 5251 1573.
2112 5195 2188 5254 1580.
2227 5198 2274 5253 Ee

363 5259 411 5327 21)
431 5261 477 5315 Ibi
494 5276 598 5330 qaoque
615 5276 678 5328 erqo
695 5266 785 5314 rodus
802 5261 925 5316 cerulum
941 5268 1112 5318 wermere
1301 5267 1472 5336 maestius
1489 5266 1596 5336 salimes
1613 5281 1672 5321 mm
1690 5269 1754 5323 olim
1772 5267 1894 5323 Parcis
1910 5267 2019 5321 cisterc.
