4754 5880
99 305 159 368 113
577 263 588 284 ⁸
969 306 1050 370 ιοοο
1072 303 1226 371 spen.
2032 312 2096 377 114

96 490 268 568 contraire,
306 489 456 556 daultmt
487 512 550 574 qne
586 513 646 575 par
679 491 827 557 temerito
859 512 944 558 vous
971 513 1068 558 aurea
1120 498 1226 557 toutes
1258 490 1347 559 leurs
1379 493 1489 572 furies,
1520 494 1702 578 cepcndant
1724 516 1806 561 vous
1827 517 2012 580 gouverner
2033 518 2096 581 por

94 582 299 661 transgresso
331 576 379 643 les
410 575 528 642 bornes
562 577 601 643 de
630 597 666 644 sa
698 576 832 661 parolle.
880 576 960 658 Quil
989 599 1069 643 vous
1120 598 1181 642 son
1193 576 1227 644 S.
1244 578 1358 662 Esprit
1376 599 1418 644 en
1439 578 1562 645 droicte
1579 578 1745 664 prudeuoe
1767 589 1801 645 et
1813 583 1925 661 verite,
1941 585 1981 659 ¹⁰)
2000 583 2094 648 telle-

95 663 276 728 sonvienne
309 661 455 745 donques
487 662 527 727 de
559 670 646 730 ceste
678 671 833 729 sentence
854 684 916 745 qne
938 672 1011 729 tout
1032 685 1069 730 ce
1119 671 1211 729 ment
1233 685 1318 746 quen
1336 663 1443 748 despit
1465 665 1505 731 de
1527 665 1632 733 Satan
1654 675 1688 731 et
1710 665 1751 731 dc
1772 687 1824 732 ses
1847 690 1884 733 su
1910 679 2008 751 posta,
2031 691 2093 735 son

94 749 152 830 qui
173 747 356 814 nestfonde
378 768 419 813 en
441 748 496 832 foy
519 756 567 815 est
590 748 700 832 peche,
722 756 756 813 et
778 748 806 814 si
827 749 898 815 cela
915 763 964 814 est
986 771 1068 835 vray
1119 770 1196 814 nom
1228 749 1291 815 soit
1321 750 1447 834 glorifie
1480 774 1521 817 en
1556 773 1636 817 vous
1666 752 1798 836 iusques
1828 774 1870 818 en
1886 689 1925 818 la
1945 756 1999 819 fin.
2044 754 2092 820 (le

116 841 199 899 nant
220 855 262 899 au
284 834 373 899 boire
395 845 429 900 st
455 855 603 918 manger,
625 854 688 917 que
710 854 821 900 sercce
842 856 884 900 eu
906 854 975 919 ung
997 846 1068 901 acte
1125 838 1170 898 19.
1189 834 1292 918 depril
1318 841 1409 901 1556.

93 854 137 983 de
159 918 235 984 telle
257 919 480 1002 importance?
517 918 554 985 Si
577 941 659 987 vous
681 927 767 986 estes
785 928 985 987 tourmentez
1007 941 1069 1004 par

94 1005 143 1070 les
165 1005 294 1089 iniques
313 1026 394 1089 pour
411 1005 503 1072 avoir
524 1028 588 1091 ouy
609 1006 642 1070 la
662 1005 786 1089 parolle
808 1005 848 1070 de
868 1006 964 1084 Dieu,
987 1029 1068 1072 vous

94 1098 182 1156 estre
214 1092 330 1155 retirec
363 1099 397 1156 et
428 1091 584 1157 abstennz
617 1091 674 1156 des
706 1090 882 1170 idolatries,
916 1102 949 1157 et
976 1093 1069 1157 avoir
1495 1132 1699 1143 ---

93 1176 241 1242 confesse
269 1198 332 1259 que
354 1198 434 1242 vous
456 1184 548 1242 tenea
570 1177 745 1261 lEvangile
767 1176 807 1242 de
828 1178 922 1242 Iesus
944 1177 1067 1255 Christ,

93 1282 177 1327 vous
199 1283 295 1327 auron
317 1262 481 1328 tonsiours
498 1283 583 1346 pour
603 1263 635 1328 le
652 1263 760 1329 moins
782 1272 852 1329 cest
873 1284 982 1348 appuy
1005 1283 1068 1346 que

93 1367 178 1413 vous
189 1369 230 1412 ne
242 1347 410 1413 souffrirea
422 1370 483 1430 que
495 1370 578 1430 pour
588 1347 696 1413 bonne
707 1349 860 1431 querella,
873 1370 914 1414 en
928 1347 1067 1432 laquelle
1559 1380 1647 1451 2434

92 1454 175 1499 vous
207 1454 286 1498 avez
319 1455 483 1517 promesso
516 1455 579 1517 que
602 1435 686 1499 Dieu
716 1455 801 1500 vous
823 1434 1026 1500 surviendra
1036 1436 1066 1516 ⁷)
1649 1431 1659 1453 ⁴

95 1518 183 1585 Mais
204 1540 286 1585 vous
310 1528 418 1586 nostes
440 1522 531 1602 point
553 1540 660 1585 armen
683 1519 723 1585 de
740 1521 808 1604 luy,
831 1541 914 1603 pour
935 1522 1068 1586 resister
1385 1535 1622 1603 cALleUS
1645 1538 1829 1605 vfflyppo,

95 1623 116 1668 a
147 1624 231 1671 ceux
263 1607 319 1688 qui
350 1614 425 1671 sont
456 1604 590 1671 establis
624 1605 665 1670 de
693 1605 752 1691 luy
769 1627 851 1688 pour
871 1626 1065 1690 gouverner.

94 1691 193 1756 Ainsi
224 1712 306 1756 vous
338 1714 379 1756 ne
410 1713 545 1774 pourren
570 1691 719 1756 attendre
752 1692 820 1775 quil
849 1711 929 1756 vous
950 1711 1067 1775 garen-
1204 1708 1306 1792 Royay
1325 1713 1361 1773 ut
1381 1728 1450 1772 cum
1463 1707 1551 1773 Bm
1571 1714 1600 1774 ey
1617 1709 1744 1776 pareas,
1763 1709 1917 1776 genevam
1934 1713 2044 1778 vm,

95 1776 185 1855 tisse,
218 1778 247 1841 si
276 1799 357 1843 vous
380 1786 592 1860 entreprenca
615 1798 651 1841 oe
679 1776 746 1860 quil
777 1777 947 1842 desavoue.
992 1775 1066 1858 Quo

94 1870 183 1927 reste
215 1862 240 1926 il
261 1862 426 1946 donques?
465 1863 502 1928 Ie
530 1885 577 1948 ny
608 1884 674 1946 voy
707 1862 814 1928 cultro
836 1863 948 1946 refuge
971 1864 1066 1928 sinon
1117 1879 1173 1948 (nx
1189 1878 1356 1948 autographo
1374 1877 1436 1932 eod.
1455 1876 1555 1932 Gener.
1576 1878 1648 1948 loo,
1666 1880 1713 1936 tol.
1733 1879 1789 1935 133.
1809 1910 1838 1919 -
1859 1881 1958 1935 Exstat
1974 1883 2003 1936 in
2018 1883 2088 1952 npp.

95 1969 183 2031 quen
209 1970 289 2014 vous
314 1947 532 2031 despouillant
556 1947 596 2014 de
622 1955 728 2013 tontes
757 1970 817 2014 voc
847 1948 1025 2019 affectione.
1036 1950 1065 2029 ⁸)
1238 1950 1321 2002 Bern.
1339 1947 1414 2028 rqm.
1434 1945 1969 2017 V1.6030tap.SimlerumV01.87.)

95 2042 130 2098 et
162 2044 339 2099 remcttaut
369 2055 428 2101 voz
462 2036 530 2100 vies
563 2056 604 2099 eu
633 2034 665 2098 la
683 2034 771 2099 main
794 2033 834 2098 dc
854 2034 947 2117 celuy
969 2035 1067 2117 quia

94 2121 219 2202 promis
236 2118 300 2186 den
329 2130 416 2185 estre
437 2120 591 2204 gardian,
624 2140 708 2185 vous
730 2119 892 2186 attendiez
915 2118 1067 2203 paisible·
1118 2119 1250 2185 Eximio
1280 2118 1404 2185 (lhristi
1436 2139 1539 2196 servo,
1563 2119 1662 2184 Petro
1685 2120 1799 2185 Vireto
1822 2120 1976 2187 ecclesiae
1997 2122 2088 2187 Lau·

94 2214 188 2270 ment
219 2206 250 2271 le
278 2206 400 2271 conseil
430 2206 497 2289 quil
530 2226 612 2270 vous
642 2205 796 2283 donnera
814 2214 848 2271 et
869 2227 911 2271 ne
929 2205 1066 2272 doubten
1117 2206 1288 2271 sennensis
1320 2203 1385 2269 fido
1415 2205 1546 2288 pastori,
1579 2205 1674 2269 fratri
1706 2218 1740 2270 et
1772 2219 1975 2291 symmystae
2003 2208 2086 2273 iute-

94 2292 188 2374 poiut
230 2291 297 2374 quil
331 2312 372 2356 ne
405 2300 520 2356 trouve
552 2300 728 2359 onvcrturs
761 2291 839 2356 telle
869 2292 936 2374 quil
969 2313 1067 2358 verra
1526 2291 1676 2375 gerrimo.

95 2384 183 2442 estre
211 2398 329 2461 propre
351 2399 433 2460 pour
465 2389 574 2443 vostre
606 2376 701 2443 salut.
746 2378 782 2443 Ie
814 2398 896 2461 veoy
921 2377 994 2443 bien
1016 2398 1066 2443 ce·

95 2461 243 2546 pendant
268 2485 308 2528 en
337 2462 444 2546 quelle
474 2463 648 2528 extremite
669 2483 752 2529 vous
774 2463 962 2528 demeurez:
983 2464 1066 2530 mais
1203 2461 1239 2528 S.
1263 2459 1446 2529 Iucundum
1464 2461 1546 2526 mihi
1568 2461 1608 2527 de
1620 2461 1764 2528 adventu
1782 2463 1823 2527 ad
1847 2484 1907 2527 nos
1928 2470 1985 2526 tuo
2007 2483 2091 2527 uun·

96 2568 230 2614 encores
261 2548 329 2631 quil
359 2570 440 2613 vous
467 2549 555 2613 faillo
582 2550 714 2614 resistet
737 2550 870 2632 iusques
899 2571 940 2613 au
972 2571 1064 2633 sang,
1117 2549 1204 2614 cium
1236 2570 1333 2625 uxor,
1351 2546 1470 2612 attulit.
1516 2545 1583 2613 Sed
1612 2548 1688 2630 qnia
1709 2560 1741 2613 te
1764 2569 1831 2612 una
1851 2553 1886 2613 iu
1915 2569 1951 2612 re
1973 2546 2089 2631 decep·

95 2656 213 2717 penset
235 2655 297 2717 qne
319 2635 413 2699 vsult
434 2641 520 2700 ceste
532 2635 585 2699 vie
606 2634 733 2713 celeste,
751 2633 890 2717 laquelle
912 2655 995 2699 nous
1016 2644 1066 2700 est
1117 2643 1189 2699 tum
1221 2633 1326 2712 video,
1353 2653 1469 2717 rogere
1487 2644 1519 2698 tc
1540 2654 1646 2717 cogor,
1672 2657 1713 2699 ne
1732 2634 1858 2717 legatos
1880 2643 2010 2699 nostros
2031 2653 2088 2699 ex·

95 2729 267 2803 appresme
299 2742 319 2784 a
351 2720 427 2784 telle
456 2719 621 2786 condition
641 2740 703 2802 que
732 2740 815 2785 nous
838 2721 985 2802 passione
1007 2741 1066 2803 par
1116 2727 1251 2803 spectes,
1283 2740 1364 2800 qnos
1396 2739 1496 2801 supra
1526 2727 1598 2784 octo
1626 2718 1695 2785 dies
1728 2721 1857 2785 Bernae
1889 2719 1996 2784 adhuc
2020 2720 2089 2785 fore

95 2827 132 2872 oe
166 2805 284 2871 monde
312 2827 437 2872 comme
468 2806 607 2871 luissent
627 2828 673 2870 un
696 2827 777 2889 pays
800 2818 961 2889 estrange,
984 2827 1067 2888 pour
1118 2806 1266 2870 arbitror.
1278 2810 1303 2881 ¹)
1339 2805 1402 2870 Est
1425 2816 1535 2869 autem
1564 2805 1652 2870 iusta
1678 2808 1761 2869 ratio
1783 2827 1843 2870 cur
1864 2817 1896 2870 to
1918 2806 2088 2889 profectio·

94 2893 252 2974 pervenir
275 2901 423 2956 anostre
451 2913 533 2976 vray
554 2890 710 2974 heritage.
746 2891 871 2957 Pensea
893 2892 1067 2975 suasique
1118 2912 1194 2956 nem
1227 2892 1406 2957 accelerare
1435 2893 1573 2972 cupiam.
1618 2888 1763 2955 Omnino
1795 2890 1937 2973 quidem,
1960 2893 1988 2955 si
2006 2890 2088 2955 mihi

95 2999 180 3043 nous
198 2999 322 3042 navons
344 2977 433 3042 nulle
450 2997 569 3043 oxouee
587 2975 627 3041 de
645 2978 771 3042 refuser
793 2978 962 3042 ssouffrir
984 2998 1067 3059 pour
1117 2976 1331 3060 obtemperas,
1354 2975 1470 3040 saltem
1482 2977 1631 3059 proximo
1650 2976 1841 3053 dielovis2)
1862 2976 1961 3043 tehio
1983 2977 2088 3056 sistes,

96 3062 194 3147 celuy
222 3063 278 3146 qui
307 3071 356 3128 est
388 3074 475 3128 mort
506 3073 539 3128 et
570 3063 754 3141 ressuscita,
788 3064 864 3127 affin
893 3084 956 3145 que
984 3085 1067 3129 nous
1118 3062 1195 3145 quia
1217 3070 1297 3128 tunc
1314 3061 1354 3127 ad
1373 3060 1560 3143 eligendum
1577 3062 1718 3126 alterum
1740 3063 1935 3128 convenient
1955 3064 2088 3127 fratres:

95 3148 155 3231 luy
195 3147 330 3214 dedions
359 3170 417 3213 nos
450 3149 519 3214 vies
562 3169 603 3213 en
635 3149 789 3214 sacrifice.
844 3147 886 3212 Et
918 3149 1067 3214 combien
1118 3157 1151 3213 et
1178 3148 1254 3213 data
1280 3168 1380 3231 opera
1407 3147 1598 3213 electionem
1624 3146 1864 3231 suspendimus,
1895 3156 1933 3212 ut
1954 3157 1991 3213 tu
2012 3168 2088 3214 cnm

96 3256 160 3318 que
184 3235 216 3299 le
238 3234 356 3299 monde
385 3255 452 3299 nou
475 3233 656 3299 seulement
677 3256 712 3300 so
733 3254 870 3316 mocque
893 3233 933 3299 de
954 3243 1066 3300 nostre
1119 3232 1246 3299 Forello
1274 3234 1413 3300 adesses.
1458 3232 1497 3298 Si
1521 3231 1665 3298 nondum
1695 3233 1751 3298 ille
1773 3232 1959 3299 admonitus
1981 3234 2089 3311 fuerit,

95 3319 280 3403 simplicite,
310 3320 393 3386 mais
414 3341 496 3385 nous
519 3319 652 3396 detesto,
683 3328 875 3385 contentons
903 3342 985 3385 nous
1005 3342 1067 3403 que
1118 3340 1196 3385 cave
1229 3340 1272 3384 ue
1300 3341 1390 3401 spem
1418 3328 1563 3384 nostram
1597 3318 1755 3384 fustreris.
1796 3319 1842 3383 Et
1874 3326 2000 3397 tameu,
2024 3319 2088 3384 nisi

94 3418 165 3472 cest
197 3428 241 3470 un
275 3407 400 3472 service
428 3405 580 3489 agreahle
613 3427 632 3470 a
661 3406 747 3470 Dieu
765 3427 824 3487 par
847 3406 959 3471 dessus
981 3415 1065 3485 tous,
1121 3405 1284 3470 Farellum
1324 3405 1456 3483 invites,
1485 3425 1602 3471 vereor
1630 3426 1672 3468 ne
1704 3404 1858 3470 offendas.
1903 3404 2027 3470 Verum
2061 3406 2090 3471 si

95 3513 158 3575 que
176 3490 217 3555 do
239 3491 356 3556 rendre
378 3493 601 3575 tesmoignage
623 3512 642 3555 a
661 3492 694 3555 la
705 3492 810 3554 verite
821 3491 861 3556 do
882 3512 943 3555 son
954 3493 1066 3556 Evan·
1119 3491 1214 3556 modo
1232 3499 1327 3555 tuum
1351 3491 1528 3556 discessum
1546 3489 1750 3567 indicaveris,
1774 3510 1851 3554 mox
1872 3492 1952 3554 satis
1974 3510 2090 3574 oppor-

95 3577 170 3661 gile.
205 3577 258 3641 ltin
280 3599 413 3655 somme,
436 3578 510 3660 puis
531 3597 593 3660 que
615 3577 646 3641 le
664 3576 827 3660 Seigneur
848 3577 942 3641 Iesus
964 3587 1015 3642 est
1036 3578 1067 3643 le
1119 3584 1198 3642 tuno
1220 3584 1383 3658 sequetur.
1418 3577 1469 3640 Tu
1486 3597 1566 3641 cave
1583 3574 1669 3641 diem
1680 3575 1773 3639 illum
1786 3584 1980 3658 praetereas,
1992 3597 2090 3659 quem

95 3674 213 3745 patron
236 3664 353 3745 auquel
372 3664 396 3727 il
418 3685 500 3728 nous
517 3663 671 3727 convient
692 3673 778 3727 estre
800 3661 992 3740 conformer,
1010 3664 1066 3727 ad·
1120 3663 1179 3728 tibi
1210 3661 1354 3739 condico,
1388 3669 1514 3725 tantum
1545 3670 1583 3725 ut
1615 3675 1727 3726 noster
1758 3661 1803 3725 sis
1836 3661 1876 3726 ad
1907 3682 2086 3744 vesperam.

95 3748 185 3814 viscz
208 3745 248 3813 do
268 3749 423 3832 regarder
445 3748 491 3813 du
513 3759 585 3813 tout
606 3769 626 3812 a
647 3749 714 3833 luy.
1118 3748 1263 3815 Uxorem
1298 3756 1471 3830 antequam
1505 3747 1633 3811 venires
1667 3748 1811 3829 aprime
1833 3746 1962 3829 hospite
1985 3746 2088 3812 abdu-

182 3834 251 3897 Noz
283 3833 377 3900 chers
410 3835 520 3912 freres,
554 3845 600 3897 m‘
631 3833 820 3899 Guillaume
841 3832 938 3898 Forel
960 3841 993 3897 et
1014 3845 1061 3897 m⁸
1118 3856 1191 3899 cere
1213 3833 1311 3898 nolui.
1350 3834 1391 3898 D.
1411 3832 1516 3898 Beroe
1537 3832 1636 3912 dices,
1657 3832 1738 3896 mihi
1760 3832 1846 3914 quod
1865 3831 2088 3909 deiferum)

95 3919 211 3985 Pierre
248 3920 333 3985 Viret
358 3922 490 3984 avoient
521 3920 596 3985 bien
618 3940 755 4003 propose
777 3919 817 3984 de
840 3940 920 3983 vous
947 3920 1066 3985 esurire
1117 3929 1231 3985 nostro
1259 3920 1434 4002 scripserat
1455 3937 1552 3983 curae
1576 3919 1685 3984 fuisse.
1726 3919 1883 3982 Promisit
1914 3917 2088 3983 Boduellue

96 4006 233 4072 chacun.
263 4007 349 4072 Mais
371 4007 445 4088 puis
467 4005 552 4088 quils
575 4027 616 4070 ue
639 4014 713 4070 sont
735 4005 859 4070 arrives
882 4005 1065 4089 atemps,⁹)
1118 4027 1153 4071 se
1185 4025 1313 4088 quoque
1345 4006 1441 4069 amici
1479 4004 1584 4070 officio
1612 4005 1810 4070 functurum.
1819 4007 1846 4079 ⁴)
1886 4002 2021 4069 Utinam
2055 4012 2087 4068 et

95 4112 177 4157 vous
207 4091 365 4173 prendren
392 4092 426 4156 la
453 4099 606 4174 presente
629 4111 755 4157 comme
778 4091 894 4156 escrite
918 4111 959 4154 en
982 4111 1067 4156 com·
1117 4093 1181 4174 ipsi
1207 4090 1313 4155 Beroe
1339 4099 1558 4173 opportunum
1587 4098 1674 4154 esset
1695 4090 1759 4155 huc
1780 4110 1885 4172 usquc
1906 4090 2087 4154 convolare.

94 4198 177 4241 mun
208 4176 248 4241 de
280 4188 354 4242 tous
386 4177 476 4256 trois,
494 4187 528 4242 et
549 4176 637 4242 aussi
659 4175 700 4241 de
716 4197 787 4242 mes
803 4176 905 4241 freres
927 4188 961 4239 et
982 4197 1066 4241 com-
1117 4177 1203 4241 Nam
1231 4177 1335 4240 multa
1362 4184 1440 4241 sunt
1462 4173 1502 4239 do
1527 4175 1643 4258 quibus
1661 4174 1802 4240 libenter
1824 4196 1896 4241 oum
1919 4177 1989 4257 ipso
2054 4196 2087 4239 c·

94 4262 397 4346 pagnonslesquela
418 4285 497 4329 vous
519 4262 655 4327 saluent.
689 4260 742 4327 De
763 4281 818 4326 ma
838 4272 913 4345 part
933 4261 964 4326 ie
987 4283 1066 4327 vous
1117 4282 1196 4327 rem.
1241 4259 1309 4326 Sed
1331 4271 1452 4343 quauta
1474 4261 1517 4324 sit
1537 4261 1692 4343 temporis
1714 4261 1868 4343 iniquitas
1890 4258 1992 4324 video.
2051 4282 2088 4326 os

95 4347 230 4426 certifie,
252 4360 354 4431 quant
375 4348 418 4414 ila
440 4357 558 4414 anront
578 4348 806 4431 lopportunite,
825 4347 911 4430 quiln
929 4346 1067 4413 advoue-
1118 4347 1215 4413 simul
1247 4345 1326 4429 quid
1349 4345 1499 4429 expediat
1520 4345 1676 4429 dispicite.
1722 4346 1853 4411 Interea
1874 4347 2089 4431 Epigramma

94 4444 172 4499 ront
194 4442 265 4499 tout
286 4455 404 4517 oeque
425 4435 456 4500 ie
475 4456 553 4500 vous
579 4433 706 4498 mande.
1119 4433 1168 4498 illi
1198 4433 1290 4498 dabis
1312 4453 1353 4496 ex
1375 4431 1537 4497 Betedicti
1558 4432 1691 4516 ineptiis
1713 4433 1937 4514 compositum,
1959 4431 2012 4497 vel
2031 4454 2088 4515 po·

182 4517 348 4604 Surqnoy,
366 4520 528 4586 treschers
548 4520 663 4598 freres,
685 4539 780 4601 apres
803 4527 923 4584 mestre
944 4539 1066 4584 recom·

95 4604 216 4670 mande
239 4627 259 4670 a
286 4626 345 4671 voa
367 4606 491 4671 bonues
513 4605 645 4688 prieres,
668 4606 700 4668 ie
722 4604 849 4687 supplic
871 4618 981 4671 nostre
1004 4606 1066 4670 bon
1334 4673 1340 4684 ,
1364 4671 1368 4684 ,

95 4689 185 4756 Dieu
213 4711 296 4756 vous
324 4699 411 4756 estre
433 4711 515 4776 pour
537 4691 709 4757 forteresse
732 4700 765 4754 et
786 4699 932 4773 rempart
954 4700 1067 4757 contre
1118 4672 1250 4797 mli)
1267 4669 1488 4795 wally&

94 4782 169 4841 tous
202 4797 262 4842 voa
293 4778 451 4856 surremit,
486 4799 567 4843 vous
601 4774 778 4842 maintenir
808 4795 851 4839 au
872 4777 997 4842 millieu
1027 4777 1067 4843 ‹le
1209 4744 1251 4876 ’ᾖ
1270 4811 1288 4864 i.
1305 4826 1328 4865 θ,
1344 4779 1392 4863 23]
1422 4776 1562 4861 mum
1587 4812 1612 4860 ,y
1639 4806 1756 4860 prmum
1780 4805 1805 4858 ,y
1829 4803 1871 4859 27¹
1892 4804 2016 4861 om,
2038 4808 2087 4862 aa.

92 4932 301 4946 ,,.,,-..
1117 4881 1203 4946 falsu
1225 4880 1325 4933 ammae
1347 4893 1380 4932 ec
1403 4877 1603 4932 commentores
1625 4880 1743 4928 cenom
1779 4874 1842 4928 lam
1866 4873 1964 4930 Idibus
1981 4875 2088 4944 Aprilis

1121 4947 1253 5003 Ooloinua
1269 4963 1362 5003 corum
1379 4951 1475 5000 sanctu
1492 4944 1525 4999 de
1542 4943 1662 5013 dependo
1680 4944 1807 4997 minutro
1824 4943 1906 4998 cerba
1921 4944 2032 5009 fecerat.

77 5021 82 5030 '
199 5014 228 5078 l)
247 5016 410 5098 suodendra
426 5015 465 5069 H.
484 5016 529 5072 Bt.
1141 5087 1147 5099 ι
1221 5015 1249 5079 3)
1265 5017 1296 5071 in
1318 5017 1396 5071 cuiue
1419 5016 1506 5070 locum
1529 5015 1602 5067 oliae
1623 5012 1801 5078 sufficiendae
1825 5019 1884 5066 erat
1905 5013 2011 5068 erlehe
2031 5030 2088 5070 mo·

92 5221 168 5278 w
196 5083 655 5278 {iffiouffilfllfflucosml
673 5151 1068 5208 marcomannorum
1116 5091 1251 5277 xus)
1268 5152 1352 5207 Hunc
1377 5153 1500 5207 ministri
1524 5151 1632 5205 senatui
1662 5147 1884 5203 commendarant
1909 5157 1939 5203 ot
1963 5150 2090 5208 ωοὶιοίοο

171 5264 177 5276 .
274 5263 281 5276 .
325 5239 343 5277 o
397 5261 405 5275 .
1142 5278 1144 5283 ,

200 5307 309 5363 meas
322 5322 414 5378 opera
454 5289 509 5363 voi.
531 5306 611 5363 xvr.
1865 5300 1883 5354 e
