4778 5888
281 283 344 350 380

1024 274 1286 344 ΕΡΙΒΤΟΙιΑΕ
1307 276 1517 341 acer-2564

2212 275 2278 337 340

278 470 447 535 tcusioure
464 469 488 532 il
508 488 592 533 vona
609 468 789 533 souvienne
809 487 870 548 que
887 485 970 530 nous
987 486 1089 531 avons
1106 483 1125 529 a
1141 481 1253 545 passer
1306 451 1402 543 quam
1424 470 1598 542 putassem.
1635 460 1823 525 Violentam
1845 461 2041 525 sententiam
2063 479 2180 524 vocare
2202 461 2276 525 ausi

281 575 345 638 par
365 575 402 621 ce
423 552 551 631 monde,
570 559 605 617 et
625 573 690 616 non
708 572 768 634 pas
789 574 813 635 y
834 558 922 615 estre
938 550 1144 633 cnveloppea.

1305 555 1383 610 sunt
1404 567 1469 629 qua
1490 546 1554 610 scis
1576 546 1645 627 ipse
1667 545 1750 609 nihil
1761 545 1906 627 potuisse
1916 546 2115 610 moderatius
2137 546 2276 627 concipi.

370 639 523 721 Surquoy
561 638 680 701 faisant
718 639 779 714 fin,
820 635 982 701 treschers
1021 637 1188 719 seigneurs
1221 642 1254 697 et
1305 629 1403 696 Certe
1425 631 1506 694 mibi
1518 630 1638 706 videor,
1655 630 1734 695 dum
1757 634 1828 712 paci
1840 631 1964 705 studeo,
1987 631 2061 713 plus
2071 632 2155 694 forte
2174 652 2276 712 quam

282 724 395 802 freres,
428 744 524 806 apres
544 732 664 787 mestre
692 720 919 787 recommande
946 741 1068 785 arcus
1096 728 1129 784 ct
1153 740 1173 782 a
1194 739 1253 783 voa
1303 737 1363 799 par
1383 725 1463 792 erat,
1486 716 1661 782 Volerondo
1682 718 1874 798 pepercisse.
1886 721 1913 791 5)
1957 715 2067 796 Quare
2088 715 2170 781 haec
2190 716 2275 781 stul·

284 809 408 874 bonnas
435 810 567 891 priores,
595 807 627 872 ie
654 807 840 889 supplieray
868 813 976 871 nostre
1006 806 1070 870 bon
1098 804 1185 869 Dicu
1213 803 1253 866 de
1303 809 1411 866 torum
1446 802 1614 866 hominum
1644 800 1857 892 improbans]
1887 802 2024 865 minimo
2052 801 2188 866 ferenda
2215 809 2275 877 est,

284 914 367 959 vous
399 913 580 976 gouverner
618 893 780 956 tousiours
818 911 879 973 par
917 911 977 954 son
1014 890 1132 973 esprit‚
1171 909 1253 952 vous
1303 899 1340 951 ut
1360 888 1500 970 optimas
1522 906 1665 969 quasque
1688 888 1832 951 actiones
1854 887 1923 951 suis
1945 887 2117 952 calumniis
2139 889 2275 970 impune

283 978 461 1060 multiplier
482 999 532 1042 scs
545 997 666 1060 greces,
688 986 722 1042 et
738 997 820 1043 vous
831 977 968 1041 fertilior
990 996 1031 1040 en
1054 983 1252 1040 toutevertu

283 1071 316 1127 et
337 1084 418 1128 vous
439 1061 557 1147 garder
578 1084 619 1126 en
640 1062 673 1127 la
684 1062 814 1145 gueullc
836 1061 893 1127 des
914 1061 1016 1144 lcups.
1052 1060 1251 1125 DeGeucre

281 1167 321 1213 ce
341 1152 390 1212 21.
414 1148 454 1212 dc
476 1147 646 1213 decembre
671 1151 760 1211 1556.

368 1284 489 1348 Vostre
511 1281 643 1347 humble
665 1283 750 1346 frere

914 1367 1019 1432 lehun
1038 1365 1164 1431 Calvin.

712 1824 811 1894 2562.

485 1958 721 2026 GALVINUS
745 1958 1046 2027 GLAUBURGO.

368 2129 666 2213 Francosardicasia
694 2131 837 2197 ecclesiae
865 2114 957 2195 rebus
991 2138 1078 2214 repat
1112 2138 1146 2197 ul
1176 2155 1250 2215 pro-

280 2215 393 2295 spiciat
415 2237 513 2297 aeque
534 2217 667 2282 turbetis
687 2239 708 2280 o
729 2215 858 2282 Pellaeo
879 2218 1005 2298 eiusque
1025 2219 1163 2297 faotione.

281 2384 334 2465 (lle
353 2389 432 2438 textu
450 2384 673 2464 huiusepiatclae
692 2390 720 2466 et
737 2385 848 2439 duarum
868 2403 937 2458 quae
955 2396 1105 2456 sequuntur
1122 2389 1189 2468 baec
1207 2405 1249 2442 ac·

279 2454 669 2586 ulitlfttf‘lJfflt‘t
682 2457 1248 2593 tlttlltrttl‘lblttl:bill

279 2591 346 2655 laec,
365 2592 481 2658 primum
495 2599 621 2644 currente
639 2592 750 2657 calamo,
768 2593 826 2644 scil.
844 2592 963 2646 dictante
981 2593 1101 2659 Calvino,
1119 2601 1177 2646 tum
1195 2595 1248 2647 cla-

275 2660 394 2726 gantiori
406 2660 501 2720 forma,
518 2659 561 2711 eni
572 2660 631 2728 ipse
643 2662 841 2729 autorprcpria
858 2679 938 2714 manu
956 2664 983 2715 in
995 2663 1108 2730 singulis
1126 2663 1249 2728 adscrip-

278 2727 327 2778 sit:
364 2726 403 2781 D.
422 2728 526 2781 Iouam'
544 2726 727 2796 Olowbcarpo,
748 2727 947 2783 G.Hclbracbo
962 2732 1077 2799 pastori,
1097 2727 1249 2786 Fraudata

280 2795 442 2850 paracollo.
477 2796 538 2849 Alia
556 2797 625 2848 enim
644 2796 855 2862 inscriptiones
873 2797 958 2850 adest.
985 2799 1104 2851 Eaedem
1122 2799 1248 2868 leguntur

279 2868 307 2915 et
329 2864 357 2916 in
376 2863 442 2918 Cod.
461 2864 598 2918 Turretini
622 2864 743 2932 111,t01.
762 2864 804 2939 91,
831 2867 858 2918 in
876 2867 946 2939 Epp.
966 2867 1092 2919 [lerneus.
1110 2868 1185 2921 Tem.
1203 2869 1247 2921 Vl.

449 2950 475 3002 p.
492 2931 541 2986 661
560 2949 636 3002 seqq.
655 2939 684 2986 ct
700 2951 763 3003 app.
781 2935 924 2988 Simlcram
942 2935 1001 2988 Vol.
1020 2934 1078 3000 88.)

363 3101 475 3184 Nuper
489 3107 515 3179 ¹)
537 3123 638 3184 quum
656 3101 696 3168 de
718 3103 847 3170 Gallica
868 3104 1035 3170 ecclesiola
1057 3127 1139 3187 quac
1161 3106 1247 3187 apud

278 3208 335 3252 vos
358 3187 488 3252 esttibi
516 3187 699 3265 scriberem,
727 3190 778 3254 vir
800 3190 1014 3277 ornatissime,
1044 3211 1135 3273 spem
1158 3200 1248 3256 tran·

276 3273 438 3354 quillioris
460 3280 565 3338 status
587 3295 628 3338 ex
647 3274 819 3340 Vclercnda‘
831 3274 974 3341 discessu
997 3276 1248 3360 conceperam.²)

277 3358 383 3436 Nunc,
406 3357 485 3422 dum
506 3358 655 3442 intelligo
668 3359 774 3425 locum
796 3381 863 3424 non
885 3370 1042 3438 mutasse,
1065 3383 1188 3440 vereor,
1212 3372 1249 3426 ut

277 3450 327 3507 est
345 3443 466 3509 ardalio
489 3452 523 3508 et
541 3444 703 3523 factiosus,
723 3465 765 3509 nc
784 3445 862 3527 quid
876 3445 1015 3510 subinde
1036 3447 1249 3512 clandestinis

278 3528 346 3593 suis
364 3529 490 3594 artibus
511 3538 649 3594 moveat.
684 3529 756 3594 Imc
778 3528 856 3595 dum
879 3532 973 3596 audio
997 3532 1121 3598 lacinus
1144 3554 1249 3616 nuper

277 3635 298 3678 a
325 3614 507 3679 senioribus
537 3614 671 3693 editum,
700 3636 838 3698 quorum
867 3617 1006 3682 stultitia
1028 3626 1096 3683 toto
1118 3618 1248 3684 biennio

277 3700 375 3764 nimis
397 3699 695 3765 licenticscabusus
717 3710 776 3778 est,
799 3702 880 3767 satis
898 3704 1055 3786 perspicio
1078 3725 1138 3769 suo
1159 3726 1249 3769 more

278 3784 444 3849 hominem
467 3785 649 3866 inquietum
667 3787 764 3850 nimis
785 3795 941 3871 satagere.
984 3786 1148 3868 Seniores,
1170 3809 1249 3872 quo·

278 3891 352 3934 rum
380 3869 586 3952 prudentiam
615 3870 769 3936 laudabat
798 3872 841 3937 D.
869 3894 890 3937 a
918 3873 1026 3951 Lusco,
1050 3897 1115 3939 non
1139 3877 1248 3940 minus

277 3955 389 4020 tardos
412 3964 445 4020 et
467 3955 600 4021 hebetes
620 3978 719 4039 quam
736 3958 893 4039 superbos
915 3968 948 4023 et
968 3961 1168 4041 praefractos
1191 3982 1247 4024 ex·

278 4051 391 4123 pertus
420 4046 541 4119 sum.⁸)
585 4041 651 4121 Qui
680 4051 751 4107 erat
776 4044 1017 4127 integerrimus,
1047 4066 1147 4109 senex
1175 4046 1247 4128 qui-

278 4126 354 4192 dam
376 4126 550 4204 surdaster,
574 4126 614 4190 ad
633 4126 816 4192 obeundum
835 4150 954 4195 munus
975 4129 1058 4194 vitio
1080 4130 1137 4195 illo
1154 4131 1247 4213 inep-

278 4220 333 4276 tus
355 4221 426 4277 crat
443 4220 478 4277 et
498 4221 586 4278 certe
606 4212 796 4278 missionem
818 4235 926 4280 coram
949 4236 1001 4279 me
1022 4216 1168 4281 modeste
1189 4237 1247 4298 pe·

277 4297 340 4361 tiit.
385 4296 452 4363 Sed
474 4298 589 4363 imbuti
612 4307 705 4362 erant
725 4301 834 4365 nescio
856 4320 920 4381 quc
943 4299 1063 4378 delirio,
1086 4301 1248 4385 usquead

279 4391 417 4447 mortem
440 4384 605 4449 insolubili
634 4384 764 4449 vinculo
794 4386 898 4450 teneri
927 4385 1131 4452 adstrietnm.
1171 4387 1248 4453 Dis-

278 4466 396 4534 cedens
424 4469 501 4550 quid
530 4470 706 4533 miscerent
727 4471 814 4537 inter
840 4492 874 4535 se
896 4471 1049 4536 subolleoi
1068 4482 1102 4536 et
1126 4473 1246 4537 Guliel-

277 4573 364 4618 mam
373 4554 402 4637 ⁴)
423 4553 720 4618 fiaucmnostrum
737 4556 850 4620 monui
871 4566 909 4620 ut
926 4556 988 4621 sibi
1009 4565 1146 4622 caverat.
1180 4556 1247 4623 Sed

278 4659 366 4703 nuno
388 4659 427 4703 co
443 4639 663 4721 impudentiae
673 4661 863 4724 progressos
883 4663 954 4708 esse
972 4642 1076 4721 audio,
1089 4664 1247 4726 quomm-

278 4826 369 4880 2562.
382 4825 411 4893 1)
429 4827 541 4881 auam
557 4842 613 4880 aaa
630 4833 746 4881 astant.

378 4893 409 4957 2)
431 4894 471 4960 Of.
491 4894 530 4949 N.
547 4893 624 4948 2548.
659 4895 721 4950 Iam
739 4895 940 4951 &deiudicetur
958 4896 992 4951 de
1008 4897 1115 4952 lomim
1131 4899 1246 4953 cecam-

275 4979 330 5018 rem
349 4964 442 5018 induit
456 4963 583 5029 smmum.

378 5031 408 5097 3)
433 5032 540 5086 abac
563 5032 597 5086 de
613 5037 688 5087 actu
704 5047 795 5087 rerum
813 5034 924 5087 omnivm
941 5035 1035 5088 mittar
1052 5033 1190 5089 iudicasse
1207 5036 1245 5088 ιη’-

228 5110 234 5116 “
274 5101 362 5157 arur.
400 5100 442 5167 Os.
460 5100 498 5155 N.
514 5098 592 5154 abab

377 5167 407 5236 4)
425 5169 627 5225 Holbracba'aur.

1302 980 1501 1054 pervertant.
1541 973 1679 1054 Eloquia
1700 973 1872 1036 obscurum
1895 993 1959 1036 non
1981 983 2093 1037 estex
2116 993 2180 1054 qua
2202 973 2274 1036 olfi-

1303 1058 1377 1122 cina
1394 1058 1550 1139 prodierit
1570 1059 1727 1139 scriptum
1747 1057 1831 1121 illud
1843 1061 1868 1128 ο)
1890 1057 1976 1138 quod
1998 1057 2200 1122 tumultuose
2222 1079 2275 1122 re-

1303 1144 1453 1220 citarunt,
1484 1142 1665 1208 cohibenda
1692 1145 1755 1206 crit
1776 1143 1845 1207 eius
1867 1142 2009 1207 hominis
2031 1144 2274 1226 importunitas,

1303 1229 1359 1309 qui
1387 1229 1451 1293 nisi
1479 1248 1591 1293 severe
1620 1229 1796 1309 increpitus
1825 1228 1865 1292 ab
1886 1228 2022 1294 audacia
2042 1248 2109 1292 non
2130 1228 2275 1293 desistet

1303 1313 1486 1378 Prudenter
1508 1313 1637 1395 quidem
1656 1333 1722 1378 non
1744 1314 1852 1377 minus
1873 1334 1971 1394 quam
1994 1314 2046 1395 pic
2068 1313 2275 1378 denuntiasti

1303 1407 1340 1462 ut
1361 1419 1381 1461 a
1398 1419 1534 1463 munero
1545 1398 1761 1474 abstinerent,
1772 1402 1800 1469 ⁷)
1814 1398 2054 1479 donecvpnirct
2076 1419 2182 1464 novus
2199 1395 2275 1465 'suc-

1303 1488 1456 1561 cesscr,⁸)
1486 1492 1523 1547 ut
1544 1484 1625 1547 mihi
1648 1482 1834 1567 gratulandi
1858 1485 1965 1565 potius
1987 1504 2086 1549 causa
2108 1485 2154 1549 sit
2173 1505 2275 1566 quam

1303 1569 1453 1651 rogandi:
1477 1590 1530 1632 mo
1552 1577 1662 1633 tamen
1684 1591 1748 1634 non
1766 1570 1834 1633 scre
1857 1569 1915 1633 tibi
1938 1569 2110 1634 molestum
2128 1572 2272 1635 confisus

1303 1675 1385 1731 sum,
1408 1655 1435 1721 si
1457 1655 1491 1718 in
1516 1654 1577 1718 hoc
1594 1666 1705 1719 sancto
1728 1654 1894 1737 proposito
1913 1657 1994 1720 meis
2017 1663 2050 1718 to
2072 1655 2177 1719 literis
2199 1674 2276 1720 con-

1301 1741 1477 1804 firmarem.
1518 1741 1608 1822 Ergo
1635 1739 1720 1820 quod
1748 1750 1863 1822 sponte
1892 1740 2054 1804 facturum
2077 1738 2215 1816 confido,
2238 1752 2276 1805 ut

1302 1845 1375 1888 mea
1397 1846 1495 1890 causa
1508 1824 1662 1889 libentius
1681 1827 1788 1899 facias,
1811 1846 1864 1888 mc
1886 1847 2001 1907 rogare
2013 1827 2101 1908 cogit
2118 1825 2276 1891 ecclesiae

1302 1909 1389 1975 illius
1416 1932 1503 1988 cura,
1528 1923 1564 1973 ut
1587 1921 1642 1973 tua
1664 1913 1821 1974 autoritas
1842 1909 1882 1975 ad
1901 1911 2053 1976 ccclesiae
2076 1930 2277 1976 consensum

1302 1996 1443 2071 accedat,
1466 2017 1528 2077 quo
1550 1998 1584 2060 in
1597 1994 1743 2060 ordinem
1767 2007 1926 2079 cogantur
1942 1997 1999 2078 qui
2021 1997 2181 2062 hactenus
2204 1998 2275 2062 fue·

1302 2092 1381 2145 runt
1392 2080 1564 2145 turbarum
1575 2096 1711 2157 autores,
1735 2094 1768 2145 et
1790 2080 1919 2146 nutritii
1942 2104 2012 2146 esse
2035 2103 2099 2147 non
2112 2081 2275 2159 desinent,

1302 2165 1403 2231 donec
1425 2167 1533 2232 ablata
1555 2168 1653 2230 luerit
1674 2167 1812 2232 nocendi
1834 2168 1977 2232 facultas.
2013 2167 2106 2242 Vale,
2130 2168 2274 2235 ornatis-

1301 2253 1382 2400 {2¹3⁰
1403 2254 1505 2318 viret
1526 2252 1607 2315 mihi
1627 2252 1815 2317 honorande
1837 2253 1977 2318 domine.
2008 2259 2058 2318 21.
2078 2254 2275 2319 Decembris

1367 2349 1393 2401 li.

1734 2916 1834 2986 2563.

1524 3068 1756 3136 CALVINUS
1784 3068 2049 3137 HOLBRAOO.

1389 3238 1498 3320 Quoad
1531 3260 1610 3304 noea
1642 3241 1850 3320 impudentiae
1884 3242 2057 3321 specimina
2087 3265 2109 3307 a
2142 3242 2276 3309 Polluci

1297 3323 1431 3406 factione
1452 3325 1535 3390 edila
1564 3325 1683 3390 solator
1708 3347 1777 3391 eam
1798 3348 1853 3408 spe
1874 3327 2043 3392 meliorum.
2089 3329 2131 3392 In
2155 3328 2276 3394 Parra

1299 3409 1367 3474 colli
1400 3410 1540 3476 eleelicee
1562 3417 1721 3493 peecatum
1753 3418 1806 3491 est,
1838 3413 1892 3477 sed
1909 3417 1944 3476 ct
1975 3433 2057 3477 nunc
2075 3434 2127 3478 res
2147 3420 2222 3479 sunt
2243 3416 2276 3480 is

1298 3496 1458 3578 suppetias
1475 3494 1560 3577 {eret

1439 3666 1492 3731 (De
1511 3667 1710 3737 exemplaribus
1729 3665 1804 3720 MSS.
1823 3668 1885 3720 vido
1903 3667 2134 3736 praecedentem.)

1384 3837 1458 3902 Etsi
1486 3838 1568 3901 mihi
1598 3837 1685 3903 dolet
1706 3836 1908 3903 ecclesiolam
1930 3848 2074 3905 vestram
2096 3842 2196 3906 novis
2219 3842 2276 3907 ad-

1299 3922 1365 3988 huc
1395 3922 1625 3988 certaminibus
1664 3924 1828 3988 turbatam
1862 3945 1942 4003 esse,
1972 3946 2038 3988 una
2070 3935 2183 3990 tamen
2216 3927 2277 3992 illa

1299 4016 1487 4090 tempestas,
1510 4028 1574 4090 qua
1595 4008 1662 4072 iam
1683 4010 1762 4073 estis
1779 4009 1933 4088 defuncti,
1955 4010 2029 4091 plus
2052 4011 2276 4094 tranquillita-

1299 4093 1341 4158 tis
1362 4095 1396 4156 in
1418 4100 1582 4175 posterum
1595 4093 1696 4171 vobis,
1716 4106 1754 4157 ut
1771 4116 1874 4176 spero,
1897 4097 2010 4177 pariet.
2039 4095 2126 4160 Nam
2148 4097 2276 4180 impro-

1299 4177 1394 4255 bitas,
1427 4180 1462 4242 in
1491 4199 1588 4260 quam
1615 4179 1757 4262 prolapsi
1780 4190 1857 4244 sunt
1882 4181 2055 4246 Valcrandt'
2077 4183 2233 4261 asseclae,
2249 4186 2276 4268 ¹)

1299 4261 1378 4327 adeo
1400 4278 1467 4327 non
1489 4270 1540 4328 est
1563 4263 1749 4341 tolerabilis,
1772 4273 1810 4329 ut
1830 4286 1963 4349 prorsus
1985 4286 2004 4330 a
2025 4265 2153 4332 diabolo
2177 4269 2276 4334 lasei-

1298 4358 1392 4414 natcs
1420 4364 1493 4414 esse
1521 4357 1668 4431 oporteat
1692 4351 1748 4433 qui
1777 4350 1923 4415 nondum
1946 4351 2090 4416 sentiant
2111 4353 2276 4422 haetenus

1297 4435 1409 4517 pravis
1437 4433 1632 4500 factionibus
1659 4435 1694 4499 in
1716 4436 1870 4502 ecelesiae
1890 4437 2069 4519 perniciem
2088 4439 2193 4506 fuisse
2215 4441 2275 4505 ad-

1298 4519 1409 4585 dictos.
1460 4519 1691 4586 Violentamne
1725 4523 1922 4587 sententiam
1955 4521 2063 4588 dicere
2091 4527 2163 4589 ausi
2195 4536 2277 4592 sunt

1398 4757 1429 4891 dl
1448 4757 1609 4882 Ῐῖἰσῦιδὸοὸιοι·
1628 4828 1731 4896 scripto
1756 4828 1830 4898 quod
1851 4829 2026 4885 cambac:
2061 4830 2201 4901 Reontio
2217 4837 2275 4891 'ete

1295 4896 1347 4964 (N.
1363 4893 1444 4961 atto)
1462 4897 1529 4951 boec
1544 4896 1619 4951 dicta
1641 4911 1698 4950 eece
1713 4896 1761 4951 cla
1779 4897 1981 4964 crediderimus,
1998 4899 2099 4968 quippe
2115 4901 2192 4970 qaod
2209 4901 2275 4959 Oel-

1295 4967 1378 5020 cs‘mss
1392 4965 1523 5099 goliam
1537 4965 1684 5031 saetam.

1398 5103 1429 5165 8)
1449 5101 1621 5156 Perrascellae
1638 5100 1806 5168 (Blaesius).

1298 5169 1431 5238 25621)
1446 5172 1556 5225 minime
1571 5173 1717 5239 namneti,
1734 5172 1761 5225 α’
1776 5171 1899 5226 audieris
1915 5171 2083 5228 flourm
2102 5172 2140 5228 N.
2158 5171 2236 5227 256⁷.
