<?xml version="1.0" encoding="UTF-8"?>
<!DOCTYPE html PUBLIC "-//W3C//DTD XHTML 1.0 Transitional//EN"
    "http://www.w3.org/TR/xhtml1/DTD/xhtml1-transitional.dtd">
<html xmlns="http://www.w3.org/1999/xhtml" xml:lang="en" lang="en">
 <head>
  <title>
</title>
<meta http-equiv="Content-Type" content="text/html;charset=utf-8" />
  <meta name='ocr-system' content='tesseract 3.04.00' />
  <meta name='ocr-capabilities' content='ocr_page ocr_carea ocr_par ocr_line ocrx_word'/>
</head>
<body>
  <div class='ocr_page' id='page_1' title='image "./ioanniscalvinio00reusgoog/ioanniscalvinio00reusgoog_0374.png"; bbox 0 0 4664 5916; ppageno 0'>
   <div class='ocr_carea' id='block_1_1' title="bbox 65 278 2067 370">
    <p class='ocr_par' dir='ltr' id='par_1_1' title="bbox 65 278 2067 370">
     <span class='ocr_line' id='line_1_1' title="bbox 65 278 2067 370; baseline 0.002 -30"><span class='ocrx_word' id='word_1_1' title='bbox 65 280 129 341; x_wconf 78' lang='lat'>749</span> <span class='ocrx_word' id='word_1_2' title='bbox 973 282 1054 370; x_wconf 74' lang='lat' dir='ltr'>ieet</span> <span class='ocrx_word' id='word_1_3' title='bbox 1077 301 1102 343; x_wconf 77' lang='lat' dir='ltr'>s.</span> <span class='ocrx_word' id='word_1_4' title='bbox 1126 278 1156 345; x_wconf 86' lang='lat' dir='ltr'>d.</span> <span class='ocrx_word' id='word_1_5' title='bbox 2006 285 2067 345; x_wconf 80' lang='lat' dir='ltr'>too</span> 
     </span>
    </p>
   </div>
   <div class='ocr_carea' id='block_1_2' title="bbox 59 463 2066 1752">
    <p class='ocr_par' dir='ltr' id='par_1_2' title="bbox 59 463 2066 1752">
     <span class='ocr_line' id='line_1_2' title="bbox 66 463 2066 554; baseline 0.002 -24"><span class='ocrx_word' id='word_1_6' title='bbox 66 465 276 549; x_wconf 77' lang='lat' dir='ltr'>suggestione</span> <span class='ocrx_word' id='word_1_7' title='bbox 304 463 448 531; x_wconf 83' lang='lat' dir='ltr'>Satanae</span> <span class='ocrx_word' id='word_1_8' title='bbox 476 465 656 531; x_wconf 86' lang='lat' dir='ltr'>abhorrete.</span> <span class='ocrx_word' id='word_1_9' title='bbox 709 466 771 531; x_wconf 85' lang='lat' dir='ltr'>Oui</span> <span class='ocrx_word' id='word_1_10' title='bbox 795 466 881 530; x_wconf 93' lang='lat' dir='ltr'>enim</span> <span class='ocrx_word' id='word_1_11' title='bbox 904 465 964 530; x_wconf 88' lang='lat' dir='ltr'>hcc</span> <span class='ocrx_word' id='word_1_12' title='bbox 986 465 1041 530; x_wconf 83' lang='lat' dir='ltr'>vel</span> <span class='ocrx_word' id='word_1_13' title='bbox 1065 468 1069 514; x_wconf 83' lang='lat'>¹</span> <span class='ocrx_word' id='word_1_14' title='bbox 1095 488 1151 532; x_wconf 86' lang='lat' dir='ltr'>vos</span> <span class='ocrx_word' id='word_1_15' title='bbox 1185 465 1366 543; x_wconf 74' lang='lat' dir='ltr'>subducite,</span> <span class='ocrx_word' id='word_1_16' title='bbox 1401 488 1421 530; x_wconf 91' lang='lat' dir='ltr'>a</span> <span class='ocrx_word' id='word_1_17' title='bbox 1458 487 1523 549; x_wconf 93' lang='lat' dir='ltr'>quo</span> <span class='ocrx_word' id='word_1_18' title='bbox 1544 486 1610 530; x_wconf 92' lang='lat' dir='ltr'>uon</span> <span class='ocrx_word' id='word_1_19' title='bbox 1641 466 1749 554; x_wconf 89' lang='lat' dir='ltr'>minor</span> <span class='ocrx_word' id='word_1_20' title='bbox 1780 467 1940 550; x_wconf 74' lang='lat' dir='ltr'>pernicies</span> <span class='ocrx_word' id='word_1_21' title='bbox 1973 468 2066 534; x_wconf 84' lang='lat' dir='ltr'>vobis</span> 
     </span>
     <span class='ocr_line' id='line_1_3' title="bbox 64 550 2066 635; baseline 0.001 -20"><span class='ocrx_word' id='word_1_22' title='bbox 64 551 231 617; x_wconf 88' lang='lat' dir='ltr'>levissime</span> <span class='ocrx_word' id='word_1_23' title='bbox 253 551 289 613; x_wconf 92' lang='lat' dir='ltr'>in</span> <span class='ocrx_word' id='word_1_24' title='bbox 310 558 455 616; x_wconf 88' lang='lat' dir='ltr'>mentem</span> <span class='ocrx_word' id='word_1_25' title='bbox 483 553 596 616; x_wconf 86' lang='lat' dir='ltr'>venire</span> <span class='ocrx_word' id='word_1_26' title='bbox 616 562 733 635; x_wconf 89' lang='lat' dir='ltr'>potest,</span> <span class='ocrx_word' id='word_1_27' title='bbox 755 550 1041 617; x_wconf 83' lang='lat' dir='ltr'>renunciandusne</span> <span class='ocrx_word' id='word_1_28' title='bbox 1093 553 1192 617; x_wconf 84' lang='lat' dir='ltr'>otiam</span> <span class='ocrx_word' id='word_1_29' title='bbox 1229 554 1388 617; x_wconf 85' lang='lat' dir='ltr'><strong>imminet.</strong></span> <span class='ocrx_word' id='word_1_30' title='bbox 1443 551 1533 617; x_wconf 91' lang='lat' dir='ltr'>Illud</span> <span class='ocrx_word' id='word_1_31' title='bbox 1570 552 1709 635; x_wconf 91' lang='lat' dir='ltr'>denique</span> <span class='ocrx_word' id='word_1_32' title='bbox 1738 554 1888 635; x_wconf 84' lang='lat' dir='ltr'>cogitate,</span> <span class='ocrx_word' id='word_1_33' title='bbox 1919 553 1966 619; x_wconf 90' lang='lat' dir='ltr'>sic</span> <span class='ocrx_word' id='word_1_34' title='bbox 1994 573 2066 618; x_wconf 88' lang='lat' dir='ltr'>esse</span> 
     </span>
     <span class='ocr_line' id='line_1_4' title="bbox 65 636 2066 721; baseline 0.001 -19"><span class='ocrx_word' id='word_1_35' title='bbox 65 637 108 702; x_wconf 90' lang='lat' dir='ltr'>sit</span> <span class='ocrx_word' id='word_1_36' title='bbox 130 648 163 702; x_wconf 90' lang='lat' dir='ltr'>ct</span> <span class='ocrx_word' id='word_1_37' title='bbox 189 636 401 720; x_wconf 87' lang='lat' dir='ltr'>abnegandus</span> <span class='ocrx_word' id='word_1_38' title='bbox 434 637 507 715; x_wconf 91' lang='lat' dir='ltr'>sibi,</span> <span class='ocrx_word' id='word_1_39' title='bbox 529 660 549 702; x_wconf 85' lang='lat' dir='ltr'>a</span> <span class='ocrx_word' id='word_1_40' title='bbox 571 648 723 720; x_wconf 89' lang='lat' dir='ltr'>quotam</span> <span class='ocrx_word' id='word_1_41' title='bbox 746 658 821 704; x_wconf 88' lang='lat' dir='ltr'>caro</span> <span class='ocrx_word' id='word_1_42' title='bbox 843 636 1040 719; x_wconf 87' lang='lat' dir='ltr'>redemptus,</span> <span class='ocrx_word' id='word_1_43' title='bbox 1093 639 1296 703; x_wconf 85' lang='lat' dir='ltr'>voluntatem</span> <span class='ocrx_word' id='word_1_44' title='bbox 1312 637 1456 716; x_wconf 86' lang='lat' dir='ltr'>Domini,</span> <span class='ocrx_word' id='word_1_45' title='bbox 1475 647 1513 703; x_wconf 90' lang='lat' dir='ltr'>ut</span> <span class='ocrx_word' id='word_1_46' title='bbox 1532 640 1715 721; x_wconf 86' lang='lat' dir='ltr'>praesentis</span> <span class='ocrx_word' id='word_1_47' title='bbox 1727 639 1888 703; x_wconf 84' lang='lat' dir='ltr'>examinis</span> <span class='ocrx_word' id='word_1_48' title='bbox 1898 640 2066 704; x_wconf 88' lang='lat' dir='ltr'>occasione</span> 
     </span>
     <span class='ocr_line' id='line_1_5' title="bbox 64 723 2065 807; baseline 0.001 -20"><span class='ocrx_word' id='word_1_49' title='bbox 64 725 101 787; x_wconf 93' lang='lat' dir='ltr'>in</span> <span class='ocrx_word' id='word_1_50' title='bbox 121 723 227 804; x_wconf 90' lang='lat' dir='ltr'>ipsius</span> <span class='ocrx_word' id='word_1_51' title='bbox 254 723 305 786; x_wconf 92' lang='lat' dir='ltr'>ius</span> <span class='ocrx_word' id='word_1_52' title='bbox 335 732 368 787; x_wconf 92' lang='lat' dir='ltr'>et</span> <span class='ocrx_word' id='word_1_53' title='bbox 396 724 566 788; x_wconf 85' lang='lat' dir='ltr'>servitium</span> <span class='ocrx_word' id='word_1_54' title='bbox 597 726 731 788; x_wconf 92' lang='lat' dir='ltr'>omnino</span> <span class='ocrx_word' id='word_1_55' title='bbox 754 724 929 788; x_wconf 87' lang='lat' dir='ltr'>transierit.</span> <span class='ocrx_word' id='word_1_56' title='bbox 974 723 1040 787; x_wconf 89' lang='lat' dir='ltr'>Ne·</span> <span class='ocrx_word' id='word_1_57' title='bbox 1091 724 1208 789; x_wconf 88' lang='lat' dir='ltr'>retecti</span> <span class='ocrx_word' id='word_1_58' title='bbox 1229 732 1320 788; x_wconf 90' lang='lat' dir='ltr'>tanto</span> <span class='ocrx_word' id='word_1_59' title='bbox 1350 723 1475 789; x_wconf 89' lang='lat' dir='ltr'>felicius</span> <span class='ocrx_word' id='word_1_60' title='bbox 1504 723 1565 790; x_wconf 88' lang='lat' dir='ltr'>sub</span> <span class='ocrx_word' id='word_1_61' title='bbox 1592 725 1696 805; x_wconf 91' lang='lat' dir='ltr'>ipsius</span> <span class='ocrx_word' id='word_1_62' title='bbox 1723 724 1923 807; x_wconf 82' lang='lat' dir='ltr'>praesidium</span> <span class='ocrx_word' id='word_1_63' title='bbox 1953 744 2065 790; x_wconf 87' lang='lat' dir='ltr'>accur·</span> 
     </span>
     <span class='ocr_line' id='line_1_6' title="bbox 65 808 2066 892; baseline -0.001 -17"><span class='ocrx_word' id='word_1_64' title='bbox 65 829 127 891; x_wconf 91' lang='lat' dir='ltr'>que</span> <span class='ocrx_word' id='word_1_65' title='bbox 149 828 228 873; x_wconf 84' lang='lat' dir='ltr'>vero</span> <span class='ocrx_word' id='word_1_66' title='bbox 250 808 309 873; x_wconf 93' lang='lat' dir='ltr'>ulli</span> <span class='ocrx_word' id='word_1_67' title='bbox 332 811 539 874; x_wconf 88' lang='lat' dir='ltr'>flemmarum</span> <span class='ocrx_word' id='word_1_68' title='bbox 559 812 656 874; x_wconf 86' lang='lat' dir='ltr'>etiam</span> <span class='ocrx_word' id='word_1_69' title='bbox 679 818 788 875; x_wconf 86' lang='lat' dir='ltr'>aestus</span> <span class='ocrx_word' id='word_1_70' title='bbox 810 818 842 874; x_wconf 91' lang='lat' dir='ltr'>et</span> <span class='ocrx_word' id='word_1_71' title='bbox 865 809 968 874; x_wconf 85' lang='lat' dir='ltr'>veluti</span> <span class='ocrx_word' id='word_1_72' title='bbox 989 809 1040 872; x_wconf 92' lang='lat' dir='ltr'>in·</span> <span class='ocrx_word' id='word_1_73' title='bbox 1092 808 1194 873; x_wconf 88' lang='lat' dir='ltr'>rende</span> <span class='ocrx_word' id='word_1_74' title='bbox 1216 811 1399 892; x_wconf 77' lang='lat' dir='ltr'>quiescatis,</span> <span class='ocrx_word' id='word_1_75' title='bbox 1420 808 1518 873; x_wconf 93' lang='lat' dir='ltr'>modo</span> <span class='ocrx_word' id='word_1_76' title='bbox 1542 810 1640 873; x_wconf 84' lang='lat' dir='ltr'>etiam</span> <span class='ocrx_word' id='word_1_77' title='bbox 1663 810 1697 873; x_wconf 94' lang='lat' dir='ltr'>in</span> <span class='ocrx_word' id='word_1_78' title='bbox 1719 809 1775 873; x_wconf 93' lang='lat' dir='ltr'>illo</span> <span class='ocrx_word' id='word_1_79' title='bbox 1797 809 1983 875; x_wconf 88' lang='lat' dir='ltr'>abscondito</span> <span class='ocrx_word' id='word_1_80' title='bbox 2006 810 2066 873; x_wconf 84' lang='lat' dir='ltr'>Al-</span> 
     </span>
     <span class='ocr_line' id='line_1_7' title="bbox 63 893 2066 978; baseline 0 -19"><span class='ocrx_word' id='word_1_81' title='bbox 63 893 270 972; x_wconf 87' lang='lat' dir='ltr'>undationes,</span> <span class='ocrx_word' id='word_1_82' title='bbox 293 916 376 977; x_wconf 88' lang='lat' dir='ltr'>quae</span> <span class='ocrx_word' id='word_1_83' title='bbox 404 895 590 977; x_wconf 85' lang='lat' dir='ltr'>corporibus</span> <span class='ocrx_word' id='word_1_84' title='bbox 612 898 783 960; x_wconf 87' lang='lat' dir='ltr'>minantur</span> <span class='ocrx_word' id='word_1_85' title='bbox 804 905 941 972; x_wconf 89' lang='lat' dir='ltr'>tantum,</span> <span class='ocrx_word' id='word_1_86' title='bbox 955 894 1039 977; x_wconf 92' lang='lat' dir='ltr'>quod</span> <span class='ocrx_word' id='word_1_87' title='bbox 1092 896 1210 959; x_wconf 84' lang='lat' dir='ltr'>tissimi</span> <span class='ocrx_word' id='word_1_88' title='bbox 1228 895 1319 959; x_wconf 48' lang='lat' dir='ltr'>*firmi</span> <span class='ocrx_word' id='word_1_89' title='bbox 1352 904 1384 959; x_wconf 92' lang='lat' dir='ltr'>et</span> <span class='ocrx_word' id='word_1_90' title='bbox 1415 896 1544 959; x_wconf 92' lang='lat' dir='ltr'>immoti</span> <span class='ocrx_word' id='word_1_91' title='bbox 1577 896 1745 977; x_wconf 84' lang='lat' dir='ltr'>perstetis:</span> <span class='ocrx_word' id='word_1_92' title='bbox 1778 904 1810 959; x_wconf 89' lang='lat' dir='ltr'>ct</span> <span class='ocrx_word' id='word_1_93' title='bbox 1840 917 1921 978; x_wconf 89' lang='lat' dir='ltr'>quae</span> <span class='ocrx_word' id='word_1_94' title='bbox 1944 896 1984 960; x_wconf 92' lang='lat' dir='ltr'>ad</span> <span class='ocrx_word' id='word_1_95' title='bbox 2007 916 2066 960; x_wconf 85' lang='lat' dir='ltr'>vos</span> 
     </span>
     <span class='ocr_line' id='line_1_8' title="bbox 63 979 2065 1064; baseline 0 -19"><span class='ocrx_word' id='word_1_96' title='bbox 63 1001 168 1046; x_wconf 89' lang='lat' dir='ltr'>unum</span> <span class='ocrx_word' id='word_1_97' title='bbox 195 991 341 1062; x_wconf 84' lang='lat' dir='ltr'>possunt,</span> <span class='ocrx_word' id='word_1_98' title='bbox 370 980 546 1064; x_wconf 86' lang='lat' dir='ltr'>quidquam</span> <span class='ocrx_word' id='word_1_99' title='bbox 576 992 655 1046; x_wconf 89' lang='lat' dir='ltr'>sunt</span> <span class='ocrx_word' id='word_1_100' title='bbox 677 980 718 1045; x_wconf 90' lang='lat' dir='ltr'>ad</span> <span class='ocrx_word' id='word_1_101' title='bbox 740 981 831 1046; x_wconf 87' lang='lat' dir='ltr'>illam</span> <span class='ocrx_word' id='word_1_102' title='bbox 854 981 1038 1045; x_wconf 89' lang='lat' dir='ltr'>animarum</span> <span class='ocrx_word' id='word_1_103' title='bbox 1092 980 1283 1046; x_wconf 89' lang='lat' dir='ltr'>alliciendos</span> <span class='ocrx_word' id='word_1_104' title='bbox 1304 989 1446 1046; x_wconf 86' lang='lat' dir='ltr'>ostentat</span> <span class='ocrx_word' id='word_1_105' title='bbox 1459 979 1564 1046; x_wconf 81' lang='lat' dir='ltr'>Satan</span> <span class='ocrx_word' id='word_1_106' title='bbox 1587 982 1821 1063; x_wconf 77' lang='lat' dir='ltr'>persequitiac</span> <span class='ocrx_word' id='word_1_107' title='bbox 1843 1003 1921 1046; x_wconf 88' lang='lat' dir='ltr'>suae</span> <span class='ocrx_word' id='word_1_108' title='bbox 1944 984 2065 1046; x_wconf 85' lang='lat' dir='ltr'>instru-</span> 
     </span>
     <span class='ocr_line' id='line_1_9' title="bbox 62 1064 2065 1150; baseline 0 -21"><span class='ocrx_word' id='word_1_109' title='bbox 62 1064 269 1148; x_wconf 88' lang='lat' dir='ltr'>pestilentem</span> <span class='ocrx_word' id='word_1_110' title='bbox 292 1066 529 1132; x_wconf 90' lang='lat' dir='ltr'>inhalationem</span> <span class='ocrx_word' id='word_1_111' title='bbox 552 1087 635 1149; x_wconf 88' lang='lat' dir='ltr'>quae</span> <span class='ocrx_word' id='word_1_112' title='bbox 656 1069 691 1132; x_wconf 93' lang='lat' dir='ltr'>in</span> <span class='ocrx_word' id='word_1_113' title='bbox 710 1073 879 1131; x_wconf 86' lang='lat' dir='ltr'>aeternum</span> <span class='ocrx_word' id='word_1_114' title='bbox 902 1067 1038 1130; x_wconf 82' lang='lat' dir='ltr'>exitium</span> <span class='ocrx_word' id='word_1_115' title='bbox 1092 1077 1211 1142; x_wconf 86' lang='lat' dir='ltr'>mente,</span> <span class='ocrx_word' id='word_1_116' title='bbox 1241 1065 1298 1130; x_wconf 89' lang='lat' dir='ltr'>illa</span> <span class='ocrx_word' id='word_1_117' title='bbox 1325 1065 1424 1131; x_wconf 89' lang='lat' dir='ltr'>semel</span> <span class='ocrx_word' id='word_1_118' title='bbox 1457 1067 1548 1132; x_wconf 83' lang='lat' dir='ltr'>vobis</span> <span class='ocrx_word' id='word_1_119' title='bbox 1577 1076 1614 1130; x_wconf 92' lang='lat' dir='ltr'>ut</span> <span class='ocrx_word' id='word_1_120' title='bbox 1642 1066 1781 1131; x_wconf 80' lang='lat' dir='ltr'>infames</span> <span class='ocrx_word' id='word_1_121' title='bbox 1799 1068 1948 1150; x_wconf 86' lang='lat' dir='ltr'>scopulos</span> <span class='ocrx_word' id='word_1_122' title='bbox 1970 1087 2065 1149; x_wconf 88' lang='lat' dir='ltr'>prae-</span> 
     </span>
     <span class='ocr_line' id='line_1_10' title="bbox 63 1151 2064 1235; baseline 0 -19"><span class='ocrx_word' id='word_1_123' title='bbox 63 1151 196 1216; x_wconf 83' lang='lat' dir='ltr'>tendem</span> <span class='ocrx_word' id='word_1_124' title='bbox 227 1151 409 1219; x_wconf 81' lang='lat' dir='ltr'>adductura</span> <span class='ocrx_word' id='word_1_125' title='bbox 440 1155 490 1218; x_wconf 88' lang='lat' dir='ltr'>sit.</span> <span class='ocrx_word' id='word_1_126' title='bbox 537 1151 647 1233; x_wconf 78' lang='lat' dir='ltr'>Quare</span> <span class='ocrx_word' id='word_1_127' title='bbox 670 1174 771 1235; x_wconf 88' lang='lat' dir='ltr'>quum</span> <span class='ocrx_word' id='word_1_128' title='bbox 794 1152 866 1217; x_wconf 92' lang='lat' dir='ltr'>illos</span> <span class='ocrx_word' id='word_1_129' title='bbox 888 1153 1036 1217; x_wconf 88' lang='lat' dir='ltr'>veritatis</span> <span class='ocrx_word' id='word_1_130' title='bbox 1092 1152 1295 1217; x_wconf 83' lang='lat' dir='ltr'>tervehenda</span> <span class='ocrx_word' id='word_1_131' title='bbox 1330 1154 1489 1216; x_wconf 84' lang='lat' dir='ltr'>statuatis.</span> <span class='ocrx_word' id='word_1_132' title='bbox 1542 1151 1670 1232; x_wconf 83' lang='lat' dir='ltr'>Velete,</span> <span class='ocrx_word' id='word_1_133' title='bbox 1704 1151 1905 1217; x_wconf 85' lang='lat' dir='ltr'>dilectissimi</span> <span class='ocrx_word' id='word_1_134' title='bbox 1937 1154 2064 1218; x_wconf 79' lang='lat' dir='ltr'>fratres.</span> 
     </span>
     <span class='ocr_line' id='line_1_11' title="bbox 63 1236 2066 1321; baseline 0 -19"><span class='ocrx_word' id='word_1_135' title='bbox 63 1239 174 1303; x_wconf 87' lang='lat' dir='ltr'>hostes</span> <span class='ocrx_word' id='word_1_136' title='bbox 196 1237 279 1302; x_wconf 91' lang='lat' dir='ltr'>nihil</span> <span class='ocrx_word' id='word_1_137' title='bbox 302 1260 368 1304; x_wconf 90' lang='lat' dir='ltr'>non</span> <span class='ocrx_word' id='word_1_138' title='bbox 390 1239 497 1303; x_wconf 92' lang='lat' dir='ltr'>moliri</span> <span class='ocrx_word' id='word_1_139' title='bbox 517 1238 787 1315; x_wconf 82' lang='lat' dir='ltr'>animadvertitis,</span> <span class='ocrx_word' id='word_1_140' title='bbox 810 1247 849 1303; x_wconf 89' lang='lat' dir='ltr'>ut</span> <span class='ocrx_word' id='word_1_141' title='bbox 866 1259 924 1304; x_wconf 85' lang='lat' dir='ltr'>vos</span> <span class='ocrx_word' id='word_1_142' title='bbox 947 1239 1039 1302; x_wconf 76' lang='lat' dir='ltr'>avia</span> <span class='ocrx_word' id='word_1_143' title='bbox 1091 1236 1254 1303; x_wconf 92' lang='lat' dir='ltr'>Dominus</span> <span class='ocrx_word' id='word_1_144' title='bbox 1276 1236 1433 1302; x_wconf 89' lang='lat' dir='ltr'>suadona</span> <span class='ocrx_word' id='word_1_145' title='bbox 1449 1239 1483 1302; x_wconf 90' lang='lat' dir='ltr'>in</span> <span class='ocrx_word' id='word_1_146' title='bbox 1506 1239 1599 1302; x_wconf 81' lang='lat' dir='ltr'>vobis</span> <span class='ocrx_word' id='word_1_147' title='bbox 1614 1236 1768 1314; x_wconf 89' lang='lat' dir='ltr'>cumulet,</span> <span class='ocrx_word' id='word_1_148' title='bbox 1782 1249 1818 1302; x_wconf 90' lang='lat' dir='ltr'>ut</span> <span class='ocrx_word' id='word_1_149' title='bbox 1839 1259 1921 1321; x_wconf 89' lang='lat' dir='ltr'>quae</span> <span class='ocrx_word' id='word_1_150' title='bbox 1938 1241 2066 1304; x_wconf 87' lang='lat' dir='ltr'>instant</span> 
     </span>
     <span class='ocr_line' id='line_1_12' title="bbox 63 1323 2065 1408; baseline -0 -20"><span class='ocrx_word' id='word_1_151' title='bbox 63 1324 236 1398; x_wconf 86' lang='lat' dir='ltr'>abducant,</span> <span class='ocrx_word' id='word_1_152' title='bbox 260 1326 425 1408; x_wconf 84' lang='lat' dir='ltr'>agnoscite</span> <span class='ocrx_word' id='word_1_153' title='bbox 447 1325 545 1406; x_wconf 86' lang='lat' dir='ltr'>simul</span> <span class='ocrx_word' id='word_1_154' title='bbox 567 1325 624 1389; x_wconf 93' lang='lat' dir='ltr'>illo</span> <span class='ocrx_word' id='word_1_155' title='bbox 647 1325 784 1389; x_wconf 86' lang='lat' dir='ltr'>artificio</span> <span class='ocrx_word' id='word_1_156' title='bbox 807 1323 898 1388; x_wconf 85' lang='lat' dir='ltr'>vobis</span> <span class='ocrx_word' id='word_1_157' title='bbox 914 1332 1037 1388; x_wconf 87' lang='lat' dir='ltr'>retecto</span> <span class='ocrx_word' id='word_1_158' title='bbox 1090 1323 1229 1388; x_wconf 83' lang='lat' dir='ltr'>adversa</span> <span class='ocrx_word' id='word_1_159' title='bbox 1262 1323 1459 1399; x_wconf 89' lang='lat' dir='ltr'>eluctcmini,</span> <span class='ocrx_word' id='word_1_160' title='bbox 1493 1346 1550 1388; x_wconf 91' lang='lat' dir='ltr'>vos</span> <span class='ocrx_word' id='word_1_161' title='bbox 1584 1334 1679 1407; x_wconf 82' lang='lat' dir='ltr'>rogat</span> <span class='ocrx_word' id='word_1_162' title='bbox 1711 1345 1770 1389; x_wconf 91' lang='lat' dir='ltr'>suo</span> <span class='ocrx_word' id='word_1_163' title='bbox 1803 1326 1932 1405; x_wconf 91' lang='lat' dir='ltr'>spiritu,</span> <span class='ocrx_word' id='word_1_164' title='bbox 1962 1333 1999 1387; x_wconf 88' lang='lat' dir='ltr'>ut</span> <span class='ocrx_word' id='word_1_165' title='bbox 2028 1324 2065 1387; x_wconf 92' lang='lat' dir='ltr'>in</span> 
     </span>
     <span class='ocr_line' id='line_1_13' title="bbox 62 1408 2061 1494; baseline -0.001 -20"><span class='ocrx_word' id='word_1_166' title='bbox 62 1409 244 1475; x_wconf 91' lang='lat' dir='ltr'>Dominum</span> <span class='ocrx_word' id='word_1_167' title='bbox 267 1412 411 1494; x_wconf 89' lang='lat' dir='ltr'>receptui</span> <span class='ocrx_word' id='word_1_168' title='bbox 434 1408 502 1475; x_wconf 91' lang='lat' dir='ltr'>suis</span> <span class='ocrx_word' id='word_1_169' title='bbox 525 1431 649 1475; x_wconf 88' lang='lat' dir='ltr'>canore.</span> <span class='ocrx_word' id='word_1_170' title='bbox 690 1412 780 1494; x_wconf 82' lang='lat' dir='ltr'>Ergo</span> <span class='ocrx_word' id='word_1_171' title='bbox 802 1410 858 1474; x_wconf 92' lang='lat' dir='ltr'>ubi</span> <span class='ocrx_word' id='word_1_172' title='bbox 881 1410 966 1473; x_wconf 87' lang='lat' dir='ltr'>serio</span> <span class='ocrx_word' id='word_1_173' title='bbox 984 1430 1036 1474; x_wconf 90' lang='lat' dir='ltr'>res</span> <span class='ocrx_word' id='word_1_174' title='bbox 1090 1418 1183 1473; x_wconf 70' lang='lat' dir='ltr'>recte·</span> <span class='ocrx_word' id='word_1_175' title='bbox 1213 1410 1267 1472; x_wconf 86' lang='lat' dir='ltr'>vic</span> <span class='ocrx_word' id='word_1_176' title='bbox 1295 1410 1336 1472; x_wconf 86' lang='lat' dir='ltr'>ad</span> <span class='ocrx_word' id='word_1_177' title='bbox 1374 1416 1558 1474; x_wconf 84' lang='lat' dir='ltr'>extremum</span> <span class='ocrx_word' id='word_1_178' title='bbox 1588 1431 1691 1492; x_wconf 89' lang='lat' dir='ltr'>usque</span> <span class='ocrx_word' id='word_1_179' title='bbox 1721 1410 1872 1492; x_wconf 84' lang='lat' dir='ltr'>pergatis.</span> <span class='ocrx_word' id='word_1_180' title='bbox 1923 1410 2061 1473; x_wconf 87' lang='lat' dir='ltr'>Brevicr</span> 
     </span>
     <span class='ocr_line' id='line_1_14' title="bbox 62 1494 2062 1580; baseline -0.002 -18"><span class='ocrx_word' id='word_1_181' title='bbox 62 1499 171 1580; x_wconf 87' lang='lat' dir='ltr'>agitur</span> <span class='ocrx_word' id='word_1_182' title='bbox 200 1507 364 1580; x_wconf 84' lang='lat' dir='ltr'>praestate</span> <span class='ocrx_word' id='word_1_183' title='bbox 391 1518 449 1562; x_wconf 85' lang='lat' dir='ltr'>vos</span> <span class='ocrx_word' id='word_1_184' title='bbox 478 1496 603 1564; x_wconf 80' lang='lat' dir='ltr'>Christi</span> <span class='ocrx_word' id='word_1_185' title='bbox 637 1497 769 1574; x_wconf 90' lang='lat' dir='ltr'>milites,</span> <span class='ocrx_word' id='word_1_186' title='bbox 803 1518 841 1561; x_wconf 87' lang='lat' dir='ltr'>ac</span> <span class='ocrx_word' id='word_1_187' title='bbox 873 1496 1036 1559; x_wconf 85' lang='lat' dir='ltr'>constanti</span> <span class='ocrx_word' id='word_1_188' title='bbox 1089 1504 1201 1559; x_wconf 88' lang='lat' dir='ltr'>autem</span> <span class='ocrx_word' id='word_1_189' title='bbox 1222 1497 1279 1571; x_wconf 87' lang='lat' dir='ltr'>fui,</span> <span class='ocrx_word' id='word_1_190' title='bbox 1304 1516 1403 1577; x_wconf 91' lang='lat' dir='ltr'>quum</span> <span class='ocrx_word' id='word_1_191' title='bbox 1433 1494 1475 1561; x_wconf 87' lang='lat' dir='ltr'>N.</span> <span class='ocrx_word' id='word_1_192' title='bbox 1504 1497 1639 1560; x_wconf 82' lang='lat' dir='ltr'>fratrem</span> <span class='ocrx_word' id='word_1_193' title='bbox 1661 1509 1810 1561; x_wconf 89' lang='lat' dir='ltr'>nostrum</span> <span class='ocrx_word' id='word_1_194' title='bbox 1834 1494 1980 1576; x_wconf 89' lang='lat' dir='ltr'>pluribus</span> <span class='ocrx_word' id='word_1_195' title='bbox 1998 1497 2062 1560; x_wconf 89' lang='lat' dir='ltr'>ista</span> 
     </span>
     <span class='ocr_line' id='line_1_15' title="bbox 60 1580 2061 1665; baseline -0.001 -17"><span class='ocrx_word' id='word_1_196' title='bbox 60 1583 126 1648; x_wconf 91' lang='lat' dir='ltr'>fide</span> <span class='ocrx_word' id='word_1_197' title='bbox 148 1583 292 1649; x_wconf 81' lang='lat' dir='ltr'>Satanae</span> <span class='ocrx_word' id='word_1_198' title='bbox 322 1582 507 1647; x_wconf 87' lang='lat' dir='ltr'>insultando</span> <span class='ocrx_word' id='word_1_199' title='bbox 535 1585 706 1647; x_wconf 84' lang='lat' dir='ltr'>universas</span> <span class='ocrx_word' id='word_1_200' title='bbox 739 1584 841 1665; x_wconf 88' lang='lat' dir='ltr'>ipsius</span> <span class='ocrx_word' id='word_1_201' title='bbox 860 1580 1035 1647; x_wconf 83' lang='lat' dir='ltr'>adversum</span> <span class='ocrx_word' id='word_1_202' title='bbox 1089 1582 1335 1663; x_wconf 82' lang='lat' dir='ltr'>complexurum</span> <span class='ocrx_word' id='word_1_203' title='bbox 1353 1603 1412 1664; x_wconf 87' lang='lat' dir='ltr'>pro</span> <span class='ocrx_word' id='word_1_204' title='bbox 1425 1582 1486 1644; x_wconf 91' lang='lat' dir='ltr'>Dei</span> <span class='ocrx_word' id='word_1_205' title='bbox 1509 1582 1544 1645; x_wconf 90' lang='lat' dir='ltr'>in</span> <span class='ocrx_word' id='word_1_206' title='bbox 1562 1583 1670 1663; x_wconf 90' lang='lat' dir='ltr'>ipsum</span> <span class='ocrx_word' id='word_1_207' title='bbox 1688 1583 1794 1664; x_wconf 86' lang='lat' dir='ltr'>gratia</span> <span class='ocrx_word' id='word_1_208' title='bbox 1816 1581 1956 1646; x_wconf 86' lang='lat' dir='ltr'>confisus</span> <span class='ocrx_word' id='word_1_209' title='bbox 1979 1603 2061 1646; x_wconf 86' lang='lat' dir='ltr'>sum.</span> 
     </span>
     <span class='ocr_line' id='line_1_16' title="bbox 59 1667 1181 1752; baseline -0.005 -18"><span class='ocrx_word' id='word_1_210' title='bbox 59 1691 118 1734; x_wconf 87' lang='lat' dir='ltr'>vos</span> <span class='ocrx_word' id='word_1_211' title='bbox 146 1670 324 1734; x_wconf 84' lang='lat' dir='ltr'>instructas</span> <span class='ocrx_word' id='word_1_212' title='bbox 347 1668 515 1734; x_wconf 89' lang='lat' dir='ltr'>machinas</span> <span class='ocrx_word' id='word_1_213' title='bbox 546 1670 696 1734; x_wconf 88' lang='lat' dir='ltr'>disiioite:</span> <span class='ocrx_word' id='word_1_214' title='bbox 721 1688 740 1731; x_wconf 88' lang='lat' dir='ltr'>a</span> <span class='ocrx_word' id='word_1_215' title='bbox 762 1667 885 1732; x_wconf 92' lang='lat' dir='ltr'>mundo</span> <span class='ocrx_word' id='word_1_216' title='bbox 907 1687 1034 1752; x_wconf 90' lang='lat' dir='ltr'>quoque</span> <span class='ocrx_word' id='word_1_217' title='bbox 1092 1671 1181 1729; x_wconf 81' lang='lat'><strong>1557.</strong></span> 
     </span>
    </p>
   </div>
   <div class='ocr_carea' id='block_1_3' title="bbox 1380 1895 1393 1924">
    <p class='ocr_par' dir='ltr' id='par_1_3' title="bbox 1380 1895 1393 1924">
     <span class='ocr_line' id='line_1_17' title="bbox 1380 1895 1393 1924; baseline 0 0"><span class='ocrx_word' id='word_1_218' title='bbox 1380 1895 1393 1924; x_wconf 79' lang='grc' dir='ltr'><strong><em>Ι</em></strong></span> 
     </span>
    </p>
   </div>
   <div class='ocr_carea' id='block_1_4' title="bbox 752 5168 1362 5237">
    <p class='ocr_par' dir='ltr' id='par_1_4' title="bbox 752 5168 1362 5237">
     <span class='ocr_line' id='line_1_18' title="bbox 752 5168 1362 5237; baseline -0.003 -12"><span class='ocrx_word' id='word_1_219' title='bbox 752 5169 996 5237; x_wconf 71' lang='lat' dir='ltr'>uetustiora,</span> <span class='ocrx_word' id='word_1_220' title='bbox 1016 5172 1124 5227; x_wconf 84' lang='lat' dir='ltr'>TYPIS</span> <span class='ocrx_word' id='word_1_221' title='bbox 1143 5173 1178 5226; x_wconf 79' lang='lat' dir='ltr'>ld.</span> <span class='ocrx_word' id='word_1_222' title='bbox 1196 5168 1362 5225; x_wconf 81' lang='lat' dir='ltr'><strong>BRUHNII.</strong></span> 
     </span>
    </p>
   </div>
   <div class='ocr_carea' id='block_1_5' title="bbox 0 0 2336 5914">
    <p class='ocr_par' dir='ltr' id='par_1_5' title="bbox 0 0 2336 5914">
     <span class='ocr_line' id='line_1_19' title="bbox 0 0 2336 5914; baseline 0 0"><span class='ocrx_word' id='word_1_223' title='bbox 0 0 2336 5914; x_wconf 95' lang='lat' dir='ltr'> </span> 
     </span>
    </p>
   </div>
  </div>
 </body>
</html>
