4688 5910
62 322 125 383 669

63 515 152 586 cunt,
172 507 235 573 tibi
255 508 304 575 fas
326 529 390 574 uon
412 507 512 574 fuisse
530 507 680 574 deserere
701 507 881 593 legitimam
900 510 1043 575 vocatio·

62 616 150 675 nem,
173 615 212 661 ac
234 594 263 660 si
283 593 367 661 liber
394 594 508 677 tuique
529 593 612 659 iuris
634 593 762 659 fuisses.

150 681 203 746 De
231 701 304 745 mea
330 681 540 763 responsione
549 682 579 763 ²)
607 689 703 745 tuum
733 678 890 746 iudicium
915 681 1043 764 flagita·

62 787 186 845 rerum,
217 764 303 849 quod
330 764 417 832 hanc
443 786 575 833 causam
605 787 647 829 ex
676 767 824 830 omnium
853 774 1042 832 nostrorum

61 862 141 918 roto
162 860 306 919 barura
328 871 427 936 quam
443 850 574 917 difficile
596 850 805 934 sitexpertus
827 873 910 918 sum.
950 851 1042 916 Dum

62 938 216 1004 feruntur
248 957 340 1002 meae
369 936 484 1002 literae
516 937 594 1020 quid
627 938 766 1003 sentires
798 936 956 1015 intellexi,
981 957 1042 1003 neo

62 1045 146 1108 opus
168 1023 231 1088 fuit
251 1022 389 1088 verbum
412 1020 541 1088 addere.
581 1024 654 1107 Ego
676 1035 787 1089 tamen
807 1023 929 1106 duplici
949 1024 1040 1089 testi·

64 1110 177 1175 monio
199 1107 248 1175 bis
270 1109 352 1174 mihi
374 1108 530 1193 gratulor.

151 1194 264 1259 Fratri
299 1205 412 1260 nostro
450 1193 650 1279 Marttrrerrpo
688 1192 835 1260 nondum
875 1216 1043 1262 suecessor

64 1279 189 1346 electus
207 1291 264 1346 est
309 1280 417 1345 Tanta
445 1280 552 1345 estin
580 1281 692 1362 paueis
719 1279 913 1365 quibusdam
934 1303 1041 1348 moro·

64 1367 146 1432 sitas
167 1365 223 1432 vel
244 1365 423 1432 fastidium.
467 1366 561 1442 Vale,
588 1366 708 1430 eximie
731 1367 783 1432 vir
803 1366 948 1450 mihique
968 1368 1042 1451 plu·

63 1452 186 1517 rimum
209 1451 420 1518 observande.
459 1449 616 1518 salutent
638 1461 670 1515 te
690 1461 878 1518 reverenter
899 1452 1042 1537 collegae

63 1538 139 1604 mei
182 1536 342 1602 Dominus
365 1548 397 1602 te
414 1558 528 1621 regere
551 1546 672 1621 pergat
688 1559 726 1605 ac
747 1539 843 1603 tueri.
885 1539 1041 1605 Generae

68 1628 116 1689 13.
139 1623 292 1689 Octobris
318 1628 407 1687 1557.

527 1761 669 1825 Ioannes
690 1760 849 1826 Calvinus
867 1770 953 1826 tuus.

510 2411 608 2481 2743.

288 2565 577 2633 LIBER'PETUS
600 2564 818 2633 CALVINO.

153 2737 259 2818 Refert
293 2739 370 2820 quid
408 2758 478 2803 cum
516 2739 627 2821 tepetis
662 2739 758 2822 eperit
792 2740 849 2821 qui
883 2740 1039 2805 Lutetiam

64 2824 312 2907 evacpetieorum
334 2844 462 2889 causam
476 2826 577 2890 acturi
595 2825 777 2907 propediem
791 2825 1038 2906 proficiscentur.

231 2996 283 3060 (Ex
302 2995 469 3065 autographo
480 2995 544 3050 (lod.
560 2995 662 3052 Gener.
683 2995 739 3064 112,
758 2997 803 3050 fol.
822 2995 879 3062 81.)

150 3166 278 3251 Insigni
301 3165 427 3232 Christi
457 3188 551 3233 servo
573 3167 615 3233 D.
629 3168 746 3233 Ioanni
769 3167 906 3233 Calvino
928 3169 1039 3234 Gene-

63 3253 177 3318 vensis
205 3252 360 3319 ecelesiae
389 3253 512 3336 pastori
547 3252 736 3319 fidelissimo
763 3255 849 3337 patri
871 3267 905 3319 et
933 3254 1038 3320 amico

62 3338 244 3421 plurimum
266 3338 478 3404 observando.
788 3425 943 3491 Gonane

152 3594 187 3662 Β.
210 3607 243 3661 et
264 3618 394 3664 omnam
429 3599 554 3682 gratiae
584 3597 820 3664 abundantiam
846 3597 887 3662 ab
915 3598 1039 3679 optimo

27 3698 32 3708 '
62 3691 158 3767 patre
179 3693 291 3749 nostro
313 3705 371 3766 per
392 3682 573 3749 Dominum
595 3684 705 3749 Iesum
728 3682 910 3748 Christum.

151 3767 276 3835 Ultimo
297 3767 501 3852 Septembris
513 3773 538 3848 ¹)
570 3769 622 3834 die
648 3769 838 3836 fasciculum
868 3770 1039 3834 literarum

64 3852 263 3920 abatribus
285 3855 404 3920 nostris
431 3857 488 3937 qui
510 3856 640 3920 suntin
663 3855 844 3935 Germania
865 3857 985 3938 accepi,
1002 3857 1039 3920 in

63 3961 129 4023 quo
150 3939 265 4006 literae
287 3939 328 4005 ad
351 3941 393 4005 D.
422 3940 632 4007 Praefectum
643 3947 670 4019 ²)
698 3948 802 4020 erant,
830 3936 914 4006 aliae
932 3940 972 4005 ad
994 3943 1038 4007 D.

64 4024 260 4105 Mirobitm,
279 4036 313 4090 et
335 4026 418 4091 aliae
438 4027 482 4091 'ad
502 4047 555 4091 ma
576 4049 658 4109 quas
679 4028 719 4093 D.
735 4026 881 4109 Crispino
899 4027 1039 4108 ostendi,

64 4117 103 4176 ut
124 4132 190 4194 qua
211 4112 337 4177 ratione
358 4112 503 4177 Bernam
520 4114 753 4179 concessissem
763 4116 789 4190 ⁸)
811 4113 871 4179 tibi
893 4113 1038 4179 referret.

62 4197 138 4265 Hoc
160 4198 291 4263 tandem
311 4220 330 4263 a
351 4209 468 4263 senatu
479 4221 672 4282 responsum
694 4201 811 4282 accepi,
831 4222 866 4265 se
889 4212 1040 4282 paratum

64 4305 135 4350 esse
164 4305 261 4348 suum
288 4285 418 4349 mittere
437 4284 590 4369 legatum,
620 4307 721 4366 quum
744 4296 810 4351 tres
832 4285 889 4349 alii
905 4286 1039 4351 mitten·

64 4377 129 4434 tur.
140 4372 168 4446 ⁴)
220 4369 349 4434 Deinde
378 4369 490 4435 literas
513 4370 555 4435 ad
581 4381 732 4435 senatum
754 4371 945 4437 Diviensem
964 4393 1040 4436 exo-

63 4455 147 4534 ravi,
176 4477 256 4538 quae
284 4477 343 4538 per
377 4456 535 4522 nuncium
568 4454 734 4538 publicum
763 4479 840 4522 mox
867 4458 1037 4581 miserqnt.

168 4692 198 4756 2)
217 4699 311 4774 coneo
334 4691 525 4761 Weatpbolam.

65 4759 198 4894 madi
214 4760 559 4886 rqtequr.autqmm

167 4896 198 4964 8)
248 4899 412 4968 elepdtr'oae
428 4902 459 4954 r’rr
479 4899 600 4954 Gotttam
617 4898 747 4954 medardo
765 4904 884 4953 ortam.

101 5077 107 5088 .
165 4965 198 5034 ⁰
216 4967 417 5089 fidu-‘⁸⁴⁶5‘
446 4967 599 5092 Ἣ.
650 4966 1039 5093 eastimet

58 5034 232 5185 ssm
245 5045 512 5187 Wurqqeeqqserrsngm.
524 5123 543 5161 α
563 5106 781 5186 ρῳίειᾱιὶιοτοε
803 5111 894 5175 utpote
912 5077 1040 5186 iactatae

60 5186 168 5228 merore
181 5178 340 5255 ‘damete
359 5175 509 5244 pardem
531 5181 555 5231 et
576 5177 625 5246 qut
646 5191 702 5231 rom
726 5181 807 5232 anteo
831 5173 921 5230 ecdem
947 5173 1039 5239 ofttcw

60 5242 186 5308 dms
200 5242 322 5309 Mart.
358 5243 416 5311 (Gt.
436 5245 472 5299 N.
489 5242 560 5298 2730
577 5251 602 5299 et
619 5244 711 5298 Boura
726 5263 752 5314 p.
770 5242 845 5312 272.)

934 322 1012 384 lot?
1038 318 1201 386 OO'POB.

2005 328 2067 390 670

1094 511 1142 574 At
1163 530 1315 576 reversus
1337 531 1356 573 a
1380 507 1516 574 Simone
1539 521 1649 575 nostro
1667 508 1777 574 Iterato
1797 509 1889 577 illino
1910 510 2068 579 redeunte

1093 594 1204 659 audivi
1228 594 1309 660 duos
1327 616 1405 678 rogo
1427 595 1566 661 traditos
1583 597 1679 662 vivos
1702 597 1880 661 ettertium
1892 605 2067 679 mortuum,

1092 679 1190 764 idque
1221 681 1288 745 iam
1318 681 1353 745 in
1386 701 1498 746 mense
1532 679 1717 764 Septembri
1756 681 1888 762 factum.
1902 687 1928 759 ⁸)
1971 683 2068 750 Unde

1091 766 1195 831 miror
1216 766 1344 844 fratres,
1367 766 1425 848 qui
1436 767 1598 832 maturius
1621 766 1661 831 de
1683 767 1819 849 captivis
1842 767 1907 833 illis
1929 768 1963 832 id
1981 768 2068 852 quod

1092 873 1145 917 res
1167 868 1238 917 erat
1261 863 1349 918 certo
1367 852 1580 929 resciverant,
1602 854 1637 917 in
1660 853 1837 918 novissima
1861 854 1921 919 hac
1943 855 2067 938 profec-

1092 939 1181 1003 tione
1202 936 1237 1001 id
1259 937 1346 1022 apud
1370 935 1445 1002 DD.
1470 938 1655 1004 Beruenses
1676 959 1744 1004 non
1765 939 1921 1004 curarint.

1178 1023 1262 1088 Heri
1283 1045 1380 1088 mane
1390 1031 1531 1106 quatuor
1542 1024 1641 1107 legati
1662 1046 1681 1089 a
1698 1033 1837 1106 quatuor
1854 1026 1946 1109 pagis
1965 1047 2066 1091 eran·

1115 1109 1205 1175 eliois
1232 1108 1296 1173 hue
1324 1108 1530 1192 appulerunt,
1560 1111 1753 1192 quibuscum
1782 1110 1934 1194 fereper
1961 1121 2067 1179 totum

1117 1196 1178 1260 'em
1190 1194 1323 1271 contuli,
1347 1194 1608 1277 quandoquidem
1625 1195 1772 1279 perplexi
1790 1194 1864 1260 ideo
1876 1199 2067 1282 erantquod

1092 1281 1258 1345 neminem
1291 1280 1345 1344 bic
1361 1280 1566 1345 invenissent
1588 1282 1644 1362 qui
1667 1301 1722 1345 eos
1744 1279 1900 1363 dirigeret
1916 1290 1948 1348 et
1972 1283 2067 1347 viati·

1092 1388 1166 1432 oum
1189 1375 1241 1438 (ut
1267 1365 1386 1431 fratres
1410 1365 1546 1449 polliciti
1571 1373 1663 1442 sunt)
1687 1367 1917 1449 suppeditaret.
1930 1372 1956 1441 θ)
1997 1368 2067 1432 Ha·

1091 1449 1214 1516 bebant
1235 1450 1366 1535 quidem
1396 1451 1524 1534 legatus
1546 1453 1783 1535 Tigurinensis,
1807 1475 1903 1535 quem
1926 1453 2067 1519 scribam·

1091 1535 1181 1602 urbis
1204 1559 1274 1602 esse
1303 1537 1454 1614 arbitror,
1483 1545 1514 1601 et
1547 1536 1796 1602 Sohaffusianus
1819 1539 2066 1605 instructionem

1091 1623 1238 1699 latinam,
1273 1622 1358 1705 quod
1388 1621 1537 1705 gallicam
1565 1625 1755 1706 ignorarent
1784 1624 1939 1707 linguam,
1969 1646 2066 1707 quam

1092 1708 1181 1775 solus
1210 1709 1388 1774 Barnensis
1422 1709 1511 1773 novit
1532 1729 1629 1791 quem
1647 1709 1742 1774 Hans
1772 1709 1828 1774 Vis
1837 1709 1863 1808 ⁷)
1886 1710 2064 1775 nominent.

1095 1799 1201 1876 Atque
1223 1794 1297 1859 ideo
1318 1793 1394 1859 huic
1416 1793 1532 1876 gallice
1542 1797 1697 1878 scriptam
1709 1793 1828 1859 tradidi
1845 1795 1936 1860 rllam
1959 1797 2066 1878 ipsam

1092 1902 1189 1962 quam
1231 1880 1350 1944 fratres
1389 1878 1430 1943 ad
1464 1880 1504 1944 D.
1535 1879 1715 1946 meabilem
1748 1881 1914 1946 miserant.
1969 1881 2066 1945 Hanc

1092 1965 1222 2049 quidem
1242 1987 1315 2031 eum
1335 1965 1435 2029 latina
1447 1963 1695 2031 Sohaffusianus
1713 1975 1747 2030 et
1766 1967 1835 2049 ipse
1857 1967 2065 2043 contulimus,

1092 2073 1205 2116 verum
1236 2051 1393 2134 prolixior
1423 2051 1486 2116 illis
1506 2061 1643 2134 utraque
1665 2053 1736 2116 visa
1754 2062 1812 2117 est.
1856 2053 2065 2136 Tempestivc

1091 2159 1111 2201 a
1133 2137 1269 2220 prandio
1291 2136 1332 2200 D.
1346 2137 1536 2203 Praefectus
1558 2147 1590 2201 et
1604 2137 1642 2198 D.
1661 2137 1825 2202 Mirabile
1847 2137 2064 2216 advenerunt,

1091 2233 1220 2289 etcum
1242 2223 1307 2287 illis
1331 2220 1370 2287 de
1398 2223 1543 2288 oratione
1572 2221 1722 2287 habenda
1745 2223 1786 2287 ad
1816 2224 1943 2305 Regem
1965 2225 2065 2305 aptis-

1091 2311 1172 2373 sime
1199 2308 1415 2379 contulerunt.
1450 2321 1483 2372 et
1515 2330 1578 2391 quo
1605 2318 1700 2391 paeto
1721 2309 1899 2392 prolixiora
1921 2311 1954 2372 in
1977 2329 2065 2373 eom·

1091 2394 1245 2477 pendium
1268 2393 1492 2460 contrahenda
1513 2404 1623 2460 essent
1645 2395 1837 2459 indicarunt.
1872 2393 1968 2475 Quod
1986 2415 2064 2459 sane

1092 2481 1155 2545 fuit
1176 2480 1241 2544 illis
1252 2481 1485 2564 gratissimum,
1510 2501 1547 2544 eo
1570 2483 1711 2544 maxime
1722 2480 1806 2564 quod
1826 2501 1886 2545 nos
1907 2481 1941 2544 in
1967 2502 2063 2544 unam

1091 2568 1179 2633 coire
1207 2566 1402 2630 sententiam
1441 2568 1677 2649 conspicerent.
1726 2565 1778 2631 De
1807 2567 1924 2630 viatico
1953 2574 2063 2630 autem

1092 2652 1244 2735 respondi
1278 2651 1396 2716 bonam
1425 2672 1516 2734 spem
1547 2673 1617 2717 esse
1642 2651 1761 2750 fideleq
1782 2653 1948 2716 refusuros
1960 2650 1986 2734 ⁸)
2009 2652 2065 2734 qui

1091 2738 1263 2822 legationis
1284 2737 1383 2801 huius
1411 2747 1489 2801 sunt
1511 2750 1653 2815 autores,
1675 2746 1732 2801 aut
1753 2739 1777 2801 ri
1799 2759 1936 2819 quorum
1958 2738 2065 2821 gratia

1092 2834 1241 2906 suscepta
1262 2837 1321 2888 est.
1362 2823 1468 2888 Noetu
1487 2844 1561 2889 eum
1585 2822 1625 2887 D.
1647 2823 1817 2888 Praefecto
1839 2825 1875 2887 in
1897 2844 1971 2888 arce
1992 2843 2064 2888 coe·

1091 2919 1214 2975 nerunt
1236 2917 1270 2975 et
1290 2909 1387 2974 hodie
1409 2931 1506 2974 mane
1529 2910 1708 2974 solverunt.
1748 2909 1859 2975 Unum
1884 2908 1945 2974 hoc
1968 2929 2063 2992 urge·

1090 2995 1170 3060 bant
1191 3006 1230 3061 ut
1252 2997 1383 3060 nomina
1412 2997 1625 3077 captivorum,
1647 3008 1703 3059 aut
1725 2994 1839 3059 saltem
1859 2995 1988 3058 urbium
2006 3000 2065 3057 aut

1091 3083 1334 3165 provinciarum
1372 3081 1500 3147 Galliae
1536 3084 1568 3145 in
1599 3080 1715 3163 quibus
1742 3078 1854 3145 fideles
1878 3079 2062 3146 carceribus

1091 3170 1231 3233 conclusi
1255 3177 1332 3234 sunt
1360 3167 1523 3251 evangelii
1545 3187 1652 3242 causa,
1676 3167 1754 3248 ipsis
1776 3167 1895 3248 scripto
1918 3164 2061 3229 tradere·

1089 3275 1173 3331 mus,
1196 3263 1228 3318 et
1246 3252 1286 3316 ad
1298 3251 1500 3330 Nicodemos,
1515 3251 1541 3336 ⁰)
1565 3264 1602 3317 ut
1623 3252 1783 3329 dicebant,
1805 3253 1947 3316 maxime
1960 3252 2062 3314 Lute-

1088 3341 1195 3404 tianos
1218 3360 1272 3403 eos
1294 3337 1519 3422 dirigeremus,
1536 3338 1727 3420 quibuscum
1750 3338 1885 3402 seorsim
1908 3337 1947 3401 de
1965 3335 2062 3400 modo

1089 3423 1262 3490 accedendi
1295 3424 1335 3488 ad
1363 3445 1472 3509 regem
1505 3424 1699 3489 conferrent.
1744 3423 1816 3506 Ego
1845 3421 1997 3504 respondi
2015 3422 2062 3485 le·

1089 3513 1252 3594 gationem
1288 3510 1372 3576 hanc
1406 3531 1471 3573 non
1504 3511 1538 3574 in
1569 3531 1637 3575 rem
1666 3508 1909 3591 designatorum
1939 3508 2062 3590 aliquot

1088 3599 1289 3678 captivorum
1314 3605 1490 3670 exoratam,
1511 3595 1566 3660 sed
1590 3597 1745 3671 omnium,
1770 3592 1862 3658 etad
1884 3592 2061 3658 sedandam

1089 3683 1124 3745 in
1146 3690 1215 3746 tota
1245 3682 1354 3746 Gallia
1377 3683 1671 3764 persequutionem,
1697 3681 1725 3745 si
1748 3679 1912 3744 Dominus
1933 3701 1988 3745 cor
2010 3701 2061 3742 re·

1193 3938 1223 4001 5)
1244 3938 1366 3992 Nomina
1381 3939 1513 4006 praebeat
1532 3937 1602 3989 Hr'at.
1621 3954 1657 3990 ee
1665 3938 1681 3988 1.
1699 3937 1717 3989 l.
1738 3935 1788 3988 136
1805 3941 1829 3987 et
1845 3935 1918 3987 Hiar.
1937 3934 1962 3987 d.
1975 3935 2061 3989 Mart.

1089 4006 1148 4060 442.
1174 4005 1226 4060 473
1252 4023 1275 4059 v.
1314 4007 1451 4060 t‘omcoor·
1476 4014 1540 4059 anot
1570 4007 1686 4060 Dtcr'one
1713 4005 1895 4057 Arcbambaut
1920 4003 2061 4071 Herophon

1089 4077 1205 4129 mercior
1231 4076 1266 4128 de
1287 4077 1314 4128 la
1338 4076 1463 4128 Molsiere
1493 4093 1526 4127 en
1556 4075 1685 4128 Banadois
1718 4088 1745 4126 ec
1772 4091 1807 4125 un
1833 4072 1939 4125 nomme'
1963 4073 1992 4124 la
2012 4089 2060 4124 uos

1090 4162 1258 4226 compagnon
1273 4145 1316 4225 ‘de
1335 4145 1461 4224 Philippa
1479 4143 1550 4197 Ceus
1573 4145 1607 4197 de
1617 4145 1653 4224 Ι’ὃς
1671 4143 1764 4262 Piorqo
1780 4159 1833 4221 'sur
1851 4142 1919 4224 ¹Dine
1938 4159 1972 4192 en
1991 4089 2060 4260 §olr-

1089 4212 1699 4338 atttdttlaatuttta‘
1732 4212 1993 4331 1f'⁰“''“⁴‘⁴⁸‘⁸“
2041 4226 2061 4262 '⁸

1193 4350 1221 4415 6)
1241 4350 1283 4416 Of.
1304 4365 1364 4418 epp.
1383 4349 1473 4404 Beroe
1494 4367 1529 4402 m.
1549 4350 1620 4404 Noa.
1647 4351 1764 4413 scriptos
1790 4354 1814 4399 et
1838 4346 1929 4398 Basra
1952 4362 1979 4413 p.
1998 4343 2061 4397 312.

1092 4420 1222 4475 Golotm
1240 4435 1319 4487 oepre
1333 4419 1438 4484 ferebat
1454 4420 1527 4488 quod
1541 4418 1680 4472 Carmelus
1690 4416 1811 4471 Raram
1829 4415 1968 4484 reliquerit
1985 4421 2060 4467 onte·

1090 4505 1171 4559 quara
1193 4490 1290 4557 tepolis
1317 4492 1418 4541 dotum
1443 4503 1535 4541 rerum
1557 4488 1724 4556 reparatam
1746 4491 1771 4537 et
1797 4499 1887 4537 comm
1913 4483 2061 4537 decessura

982 4583 984 4591 v
1085 4559 1205 4627 peecata
1230 4556 1405 4625 suppeditato
1430 4557 1611 4611 moderarer.
1647 4554 1710 4623 ipae
1732 4553 1937 4607 marmenem
1959 4552 2060 4620 scripto

1090 4627 1224 4681 exoravit.

1191 4693 1221 4762 i)
1244 4693 1325 4764 Wpae
1342 4697 1379 4758 (o.
1396 4696 1505 4760 supro).
1541 4692 1603 4746 Iam
1621 4709 1654 4744 m.
1677 4691 1756 4744 Moto
1775 4689 1897 4742 Parrasia
1912 4689 2013 4755 sanct.

1191 4762 1219 4828 8)
1237 4761 1284 4816 etc.
1320 4760 1462 4816 Caeterum
1479 4760 1515 4826 cf.
1535 4761 1571 4815 N.
1588 4759 1664 4814 2726.

1192 4831 1221 4891 9)
1240 4833 1257 4885 t.
1276 4848 1296 4883 e.
1315 4832 1364 4901 qut
1383 4831 1463 4896 fidem
1484 4845 1561 4883 auam
1583 4830 1705 4884 nondum
1724 4828 1831 4896 publice
1849 4826 2055 4894 profiubontcr.

1090 4905 1133 4955 Au
1158 4901 1213 4954 lieu
1240 4899 1452 4969 qu’suparavant
1473 4899 1492 4951 il
1517 4896 1560 4968 n’y
1578 4899 1652 4951 avoit
1679 4899 1756 4967 quasi
1782 4913 1834 4964 que
1860 4896 1900 4948 los
1922 4896 1993 4960 petis
2030 4894 2058 4946 ui

1090 4977 1212 5023 orassent
1229 4969 1383 5023 embrasaer
1401 4969 1420 5022 l.
1436 4968 1465 5021 O.
1485 4973 1513 5020 et
1530 4984 1561 5020 aa
1578 4969 1651 5021 croix
1670 4967 1739 5019 Dieu
1757 4983 1790 5018 en
1807 4965 1908 5019 suscita
1925 4964 1993 5016 troie
2010 4911 2059 5016 dee

1089 5039 1150 5159 ἕπε
1166 5054 1247 5107 grans
1264 5038 1301 5091 du
1318 5053 1444 5161 rqqoume
1462 5053 1531 5106 pour
1547 5037 1604 5088 s’en
1622 5036 1729 5102 meeler,
1751 5034 1872 5087 isaroir
1889 5032 2006 5085 Antoiua
2023 5031 2058 5083 do

1365 5124 1381 5159 a

1116 5109 1218 5160 corbon
1237 5107 1278 5159 roi
1296 5106 1330 5159 de
1383 5122 1460 5158 varra
1472 5107 1517 5170 (at
1532 5105 1619 5159 berete
1627 5102 1718 5158 meae
1729 5118 1808 5173 quam
1819 5101 2019 5157 tremendam
2025 5102 2057 5164 l),

1090 5176 1172 5266 bouis
1189 5174 1283 5296 qrince
1300 5176 1335 5229 de
1353 5174 1515 5267 Coqdetson
1536 5173 1620 5254 frere,
1643 5179 1672 5226 et
1687 5170 1817 5239 Fronqois
1835 5171 1869 5224 da
1887 5169 1998 5238 Coligny
2016 5169 2058 5222 Sr.

1089 5245 1192 5297 dAnde
1204 5251 1234 5296 ot
1250 5245 1321 5298 frere
1339 5245 1373 5298 do
1391 5245 1512 5298 lamrral.
1549 5243 1633 5310 (Hrrt
1653 5242 1714 5297 coel·
1731 5241 1752 5294 l.
1772 5238 1845 5304 140.)
