4688 5902
2162 339 2177 361 ⁸
2213 349 2277 407 rra

1039 347 1299 416 EPISTOLAE
1321 349 1531 412 atro—2618

284 353 442 437 arr„

371 536 586 619 Transalpini,
597 540 624 610 ⁴)
648 544 684 599 ut
705 555 790 599 anno
802 536 960 617 superiori
971 535 1111 618 impetiti
1122 536 1253 600 fuerant
1303 533 1382 616 cepi.
1426 533 1560 600 Utinam
1582 532 1716 597 Christo
1734 533 1808 614 plus
1819 531 1976 597 tributum
1999 532 2113 597 fuisset
2136 540 2170 596 et
2192 531 2278 596 mihi

286 625 326 689 ab
348 622 543 688 adversariis
560 621 607 684 ita
629 641 717 685 nuuc
738 628 771 686 et
789 629 826 684 ut
843 620 995 684 nonnulli
1016 621 1182 703 perterriti
1200 642 1251 685 re·
1303 618 1395 683 nihil.
1440 619 1526 683 Nam
1563 627 1653 683 actae
1684 628 1760 683 sunt
1792 618 1943 701 ingentes
1968 619 2103 701 gratiae.
2152 616 2279 684 Oblata

285 716 441 791 ceperunt
463 729 498 773 sc
515 727 581 770 non
601 705 739 788 amplius
757 705 924 770 audituros
942 707 1183 772 concionatores
1195 704 1251 770 sed
1303 706 1411 768 omnia
1433 704 1548 782 officia,
1571 724 1632 769 nec
1643 715 1840 785 respuerunt
1856 723 1930 768 mea
1947 704 1994 766 uti
2005 722 2119 785 opera:
2144 713 2278 768 tantum

285 795 480 872 missatcres,
501 801 534 857 et
555 789 686 855 tandem
706 792 1108 874 resipueruntcoustant-ia
1129 792 1251 856 firmio·
1302 812 1373 855 esse
1395 787 1552 872 quaedam
1600 786 1764 872 eragenda
1793 810 1851 871 per
1874 810 1956 870 quae
1979 789 2104 854 differri
2127 801 2278 870 oporteat

285 900 358 943 rum
381 888 413 942 et
435 877 684 959 exemplamoti,
706 877 753 941 ita
769 879 963 959 nuucpauci
982 888 1175 955 annuerunt,
1194 876 1251 942 sed
1302 896 1384 957 quae
1402 874 1529 939 suadeo.
1575 812 1644 941 bec
1673 875 1862 956 priusquam
1891 874 2109 956 respondeant
2131 876 2191 958 qui
2220 873 2279 940 de-

285 963 415 1028 demum
437 982 535 1045 quam
560 962 752 1046 gravissime
782 962 929 1027 tulerunt
961 962 1046 1044 quod
1078 984 1152 1028 cum
1179 963 1252 1027 aliis
1302 963 1423 1045 signati
1445 970 1531 1036 sunt,
1561 962 1770 1043 spiscopusss)
1798 975 1892 1024 vocat
1922 958 1963 1024 ad
1991 982 2025 1026 se
2047 960 2081 1024 in
2105 981 2217 1025 arcem
2241 968 2279 1025 ut

285 1050 520 1114 constantiores
532 1070 598 1112 non
616 1049 750 1112 fuerunt
759 1049 794 1111 in
814 1046 889 1113 fidei
900 1047 1046 1112 doctrina
1058 1048 1250 1126 confitenda,
1303 1046 1465 1129 intelligat
1487 1045 1565 1129 quid
1586 1047 1750 1128 egerimus
1771 1046 1805 1109 iu
1828 1056 1952 1120 senatu,
1976 1045 2118 1128 quidque
2139 1045 2278 1112 conclu-

231 1132 233 1136 ’
285 1147 319 1199 et
336 1135 401 1198 nisi
412 1145 556 1216 pastores
567 1154 695 1197 summa
713 1153 789 1197 cura
800 1132 1003 1198 laborassent
1023 1135 1058 1197 iu
1068 1133 1249 1199 misericor·
1303 1154 1376 1196 sum
1408 1132 1516 1196 fucrit.
1563 1132 1769 1213 Responsum
1803 1139 1861 1209 cst,
1887 1153 1947 1195 nos
1979 1131 2109 1212 quidem
2141 1133 2279 1213 petiisse

285 1218 339 1284 dia
355 1219 490 1283 Domini
508 1231 541 1283 et
559 1219 703 1302 gratuita
723 1229 929 1300 peccatorum
947 1219 1136 1284 remissione
1154 1218 1252 1300 plane
1304 1226 1451 1282 senatum
1474 1228 1507 1282 et
1534 1217 1647 1281 datum
1676 1217 1775 1282 fuisse
1808 1226 1846 1280 ut
1876 1215 2061 1298 petentibus
2085 1217 2158 1281 fieri
2181 1217 2275 1284 solet.
2331 1284 2333 1288 ,

284 1305 321 1369 in
338 1303 595 1387 desperationem
614 1303 760 1368 ruebant.
794 1303 1108 1369 FaxitChristus‘ut
1125 1326 1166 1369 ex
1182 1313 1252 1368 tur·
1304 1305 1478 1369 Caeterum
1512 1301 1675 1367 conclusio
1705 1323 1770 1366 non
1803 1302 1866 1366 fuit
1897 1301 2049 1366 indicata.
2101 1303 2223 1368 Vocati
2242 1313 2277 1370 et

284 1391 335 1456 bis
357 1401 391 1454 et
412 1390 561 1455 omuibus
577 1389 881 1471 quaemiuabantur
901 1390 1076 1472 perniciem
1100 1390 1163 1472 piis
1186 1390 1252 1454 lac·
1304 1411 1364 1454 nos
1385 1389 1514 1466 fuimus,
1537 1389 1677 1452 sednon
1700 1396 1767 1452 tam
1785 1389 1847 1453 cito
1858 1387 2062 1452 ascendimus
2080 1401 2118 1452 ut
2139 1389 2278 1454 iubebat

285 1485 339 1540 tus
361 1483 394 1540 et
415 1477 544 1557 quietus
566 1473 661 1538 datus
682 1474 745 1538 fuit
766 1475 875 1540 exitus
896 1476 943 1540 ita
964 1497 1052 1541 nunc
1075 1477 1252 1558 contingat.
1304 1476 1358 1557 qui
1385 1497 1444 1538 uos
1476 1475 1621 1539 vocabat.
1673 1472 1784 1553 Quum
1819 1473 2077 1538 ascendissemus
2115 1475 2277 1557 syndicus

370 1561 438 1625 Nos
457 1561 652 1643 negligimus
664 1559 788 1625 vicinos
802 1564 828 1635 ⁵)
848 1561 903 1642 qui
924 1583 1036 1626 omues
1058 1563 1164 1644 parati
1176 1569 1253 1626 sunt
1304 1559 1447 1643 episcopi
1470 1575 1502 1623 ct
1527 1558 1670 1642 capituli,
1699 1559 1847 1636 Ioannes,
1881 1561 1914 1622 ui
1944 1559 2048 1636 fallor,
2083 1559 2278 1626 Vandalicas

286 1645 327 1711 ad
349 1645 556 1712 audiendum.
601 1646 744 1709 Tantum
773 1644 833 1710 hoc
858 1646 949 1711 deest
970 1647 1054 1728 quod
1076 1667 1172 1712 nemo
1194 1669 1252 1711 au·
1304 1647 1350 1727 ita
1368 1666 1428 1710 nos
1457 1647 1628 1731 ocu-venit:
1663 1643 1796 1720 Furellc,
1831 1643 1909 1709 olim
1940 1643 2001 1709 huc
2031 1656 2063 1709 te
2085 1646 2279 1712 contuleras

286 1731 341 1797 det
360 1739 505 1815 pastores
527 1751 642 1814 rogare
661 1740 697 1792 ut
718 1731 905 1812 loquantur:
928 1733 980 1810 ita,
996 1733 1057 1797 sibi
1079 1734 1195 1796 timent
1212 1732 1252 1796 ab
1304 1752 1478 1813 sparsurus
1504 1730 1636 1805 zizania,
1666 1729 1720 1793 sed
1746 1731 1853 1795 iussus
1881 1752 1900 1793 a
1924 1729 2075 1811 Philippo
2089 1732 2125 1811 ‚b.
2152 1753 2279 1796 memo·

287 1818 450 1882 officiariis
472 1818 526 1898 qui
549 1816 676 1898 plebem
698 1815 865 1880 devorant.
904 1815 1013 1898 Quum
1037 1819 1199 1883 venissem
1211 1816 1252 1880 ad
1304 1819 1372 1880 riae
1390 1816 1539 1881 secedere
1558 1826 1784 1896 attemperare
1802 1838 1821 1879 a
1842 1815 2025 1899 spargenda
2048 1826 2105 1880 tua
2127 1816 2279 1882 doctriua

287 1904 411 1968 Divum
440 1900 721 1985 Leodegarium⁶)
756 1903 826 1965 sine
859 1903 1113 1969 contradictione
1148 1902 1251 1968 docui.
1303 1903 1338 1966 in
1356 1903 1443 1966 huuc
1466 1901 1549 1966 diem
1574 1912 1605 1965 te
1637 1901 1834 1965 continuisti.
1879 1901 1975 1967 Nunc
2004 1923 2084 1966 sane
2113 1903 2279 1969 miramur

289 1987 472 2052 Audiebant
501 2008 613 2051 omncs
639 1996 833 2069 praesentes.
885 1987 1025 2054 Coactus
1056 1990 1103 2052 fui
1131 1998 1200 2052 tum
1234 2009 1253 2051 a
1303 1988 1388 2070 quod
1411 2009 1508 2051 ausus
1530 1988 1575 2050 sis
1608 2007 1720 2050 rursus
1750 1995 1877 2051 tentare
1906 1987 1989 2068 quod
2019 1987 2185 2053 Dominus
2210 2009 2278 2053 nou

287 2073 411 2155 collega
432 2095 497 2137 uno
526 2073 578 2137 vel
606 2073 708 2136 altero
740 2072 838 2150 abire,
867 2094 948 2155 quos
983 2095 1060 2138 saue
1094 2074 1253 2156 poenituit
1304 2087 1354 2138 est
1376 2092 1538 2154 passurus.
1583 2070 1693 2151 Quare
1727 2071 1830 2137 amice
1857 2085 1889 2135 te
1920 2073 2124 2137 admonitum
2148 2074 2225 2138 volo
2245 2087 2278 2138 et

287 2157 364 2225 faeti
387 2169 419 2223 et
441 2158 575 2224 consilii.
604 2157 669 2222 Ubi
687 2158 774 2222 abivi
792 2160 1017 2223 confluxerant
1034 2160 1159 2242 aliquot
1176 2179 1251 2224 cen·
1304 2169 1452 2241 rogatum
1476 2169 1512 2221 ut
1523 2157 1669 2234 desistas,
1694 2156 1824 2238 nequid
1843 2159 1901 2222 tibi
1925 2158 2003 2222 mali
2015 2159 2154 2222 eveniat
2189 2160 2278 2224 Nam

286 2252 362 2309 terra
383 2243 494 2308 audire
517 2243 712 2325 exoptantia.
752 2243 1025 2310 Portentruenscs
1048 2245 1251 2322 adivimus‚⁷)
1304 2245 1331 2309 si
1353 2243 1429 2325 quid
1452 2243 1626 2325 contigerit
1645 2243 1680 2305 iu
1704 2251 1797 2306 tuum
1817 2255 1915 2325 caput
1936 2243 2066 2308 recidet.
2111 2245 2158 2308 Et
2180 2247 2278 2311 iussit

287 2351 347 2414 ego
370 2350 444 2394 cum
466 2328 617 2394 viciniori
642 2329 800 2392 ministro.
844 2330 983 2411 Excepti
1011 2331 1133 2394 fuimus
1154 2351 1251 2412 quam
1304 2338 1340 2393 ut
1362 2349 1461 2394 canos
1484 2348 1574 2393 meos
1597 2349 1659 2392 nou
1672 2348 1867 2410 exponerem
1890 2339 1982 2392 tauto
1995 2328 2186 2409 discrimini,
2200 2353 2278 2395 cou-

286 2416 529 2480 humanissime.
564 2413 695 2478 Civium
718 2414 872 2497 magister
896 2425 930 2478 et
948 2417 1054 2480 scriba
1075 2427 1252 2481 coenarunt
1304 2424 1413 2478 tcutus
1435 2416 1475 2478 iis
1497 2413 1554 2495 qui
1581 2435 1633 2477 me
1662 2412 1821 2492 audirent,
1850 2435 1891 2478 θθ
1915 2423 2021 2479 motus
2042 2423 2076 2478 et
2097 2415 2277 2481 seditiones

288 2502 464 2565 nobiscum.
510 2499 695 2563 Audierunt
725 2520 792 2575 nce,
820 2508 853 2564 ct
874 2522 974 2582 quum
997 2510 1181 2582 peteremus
1205 2522 1253 2566 sc·
1304 2500 1488 2574 excitarem,
1516 2500 1619 2563 fretus
1651 2498 1837 2581 plebeculae
1864 2500 2069 2577 invitatione,
2105 2501 2161 2565 ubi
2191 2504 2277 2566 iusta

287 2595 410 2661 natum,
434 2583 526 2648 nobis
558 2586 591 2648 in
624 2586 802 2648 erastinum
836 2585 931 2650 datus
960 2587 1021 2650 fuit
1047 2587 1198 2669 frequens
1220 2596 1252 2651 et
1304 2606 1369 2649 θοθ
1392 2596 1477 2650 esset
1508 2585 1644 2650 vocatio.
1686 2585 1730 2648 Et
1763 2585 1827 2649 alia
1849 2585 2007 2667 quaedam
2026 2584 2163 2650 addidit.
2204 2588 2276 2671 Ego

288 2671 406 2754 gravis.
458 2670 626 2750 Nusquam
659 2670 797 2753 ingressi
830 2692 944 2738 sumus
978 2674 1090 2737 urbem
1123 2673 1158 2734 in
1191 2693 1253 2754 qua
1303 2671 1382 2754 petii
1399 2678 1436 2735 ut
1452 2669 1645 2752 respondere
1664 2671 1804 2735 daretur.
1838 2668 1903 2735 Ubi
1921 2670 2033 2735 datum
2052 2680 2111 2748 est,
2136 2670 2206 2736 dixi
2225 2695 2276 2737 me

287 2757 444 2821 fuerimus
466 2756 568 2818 amice
584 2755 687 2837 magis
710 2762 743 2818 ct
754 2757 866 2819 maiori
885 2776 956 2820 cum
972 2756 1093 2821 houorc
1115 2759 1250 2839 excepti.
1304 2777 1407 2821 unum
1419 2756 1623 2838 praedicasse
1634 2755 1812 2834 Christum,
1831 2764 1864 2820 et
1878 2755 1966 2821 hunc
1982 2758 2187 2837 crucifixum,
2202 2779 2276 2823 vere

289 2841 404 2906 Auditi
425 2842 545 2904 fuimus
574 2860 702 2904 summa
734 2842 913 2906 attentione
942 2852 982 2918 et,
1012 2850 1050 2906 ut
1072 2842 1189 2908 licebat
1211 2865 1252 2907 ex
1304 2842 1494 2924 sapientem,
1517 2843 1648 2919 iustum,
1667 2842 1858 2924 perfectum,
1877 2861 2003 2907 summe
2021 2843 2156 2918 bonum,
2179 2864 2277 2925 quem

288 2927 369 2992 facie
387 2927 574 3000 coniectare,
596 2925 701 2989 multo
723 2945 796 2991 cum
814 2927 932 2991 affectu
955 2941 988 2991 et
1004 2929 1124 2993 favore.
1169 2928 1251 3022 Tum
1305 2928 1418 2992 audire
1440 2947 1553 2992 omnes
1582 2926 1730 3005 debeant,
1759 2948 1819 2992 uec
1848 2927 2000 3010 cuiquam
2028 2927 2129 2993 liceat
2148 2928 2275 3005 addere,

288 3012 322 3075 in
345 3013 483 3096 gratiam
508 3010 642 3087 Christi,
671 3011 832 3095 evangelii
864 3023 897 3076 et
918 3013 1033 3078 salutis
1051 3014 1197 3096 ipsorum
1215 3023 1252 3079 ac
1305 3014 1444 3090 demere,
1474 3014 1649 3077 immutare
1682 3021 1739 3076 aut
1763 3013 1925 3096 corrigere
1954 3013 1995 3078 iis
2030 3033 2113 3095 quae
2142 3013 2275 3078 tradidit

287 3097 391 3180 plebis
413 3117 508 3179 quam
531 3105 663 3160 senatus
685 3098 857 3161 aDcmino
876 3099 999 3182 accepit
1016 3099 1191 3183 regendam
1214 3107 1253 3164 ut
1303 3098 1474 3172 credenda,
1502 3098 1644 3163 tenenda
1672 3109 1705 3162 et
1740 3098 1896 3164 facienda.
1944 3099 2092 3164 Proinde
2120 3100 2275 3165 iniuriam

287 3191 396 3266 patres
408 3183 501 3252 filios.
523 3202 583 3245 nos
606 3189 781 3264 nostraque
803 3184 911 3247 omnia
923 3185 1122 3263 offerremus,
1146 3186 1252 3269 parati
1304 3186 1483 3249 maximam
1512 3184 1583 3248 fieri
1611 3183 1745 3249 Christo
1773 3195 1805 3248 et
1837 3184 2006 3268 evangelio
2035 3193 2068 3249 et
2090 3186 2273 3269 scripturae

287 3269 390 3334 vitam
413 3289 486 3333 cum
513 3270 673 3350 sanguine
702 3268 853 3332 fundere:
887 3279 1015 3334 tautum
1038 3269 1121 3334 bouc
1143 3281 1253 3336 essent
1303 3290 1413 3336 sacrae
1431 3267 1516 3352 quod
1535 3276 1692 3335 vocentur
1702 3271 1834 3348 zizania,
1857 3281 1889 3334 et
1910 3278 1978 3334 tam
2000 3279 2116 3336 sancta
2138 3280 2172 3336 et
2193 3293 2273 3356 pura

288 3356 404 3418 animo.
449 3352 523 3417 Non
545 3352 733 3417 defuturum
763 3352 885 3418 Christi
915 3356 1129 3436 potentissimi
1164 3357 1252 3440 regis
1303 3354 1499 3438 praedicatio
1518 3356 1642 3439 sparsio
1659 3356 1867 3420 zizaniorum.
1891 3353 1987 3436 Quod
1998 3356 2040 3420 ad
2058 3356 2148 3423 hunc
2165 3356 2272 3423 locum

287 3439 456 3515 auxilium,
475 3439 570 3502 etiam
592 3437 648 3503 ubi
671 3444 758 3503 totus
776 3440 959 3522 insurgeret
980 3441 1129 3507 mundus.
1174 3440 1252 3507 Ser·

289 3546 382 3589 vasse
411 3524 587 3588 Dominum
620 3545 694 3588 suos
727 3524 803 3588 olim
833 3526 1017 3608 nostrisque
1038 3527 1251 3609 temporibus:

288 3630 348 3673 nos
372 3629 436 3673 non
453 3609 642 3691 inexpertes
664 3609 750 3691 loqui
773 3619 806 3675 et
823 3615 961 3697 sensisse
984 3633 1078 3694 opem
1100 3613 1251 3677 Domini:

289 3693 354 3760 Sed
377 3694 488 3777 paucis
521 3694 689 3776 complecti
720 3717 787 3759 θοθ
808 3718 940 3778 possum
962 3719 1044 3779 quae
1065 3697 1198 3762 liberius
1221 3706 1253 3761 et

287 3781 390 3844 fusius
413 3778 489 3843 dixi.
533 3779 618 3842 Nam
647 3782 782 3845 attentio
805 3792 837 3845 et
859 3782 1082 3852 benevolentia
1103 3783 1253 3848 movebat

288 3875 326 3930 ut
357 3865 485 3948 plenius
517 3864 675 3947 loquerer,
708 3875 841 3948 eratque
875 3867 1002 3932 dicendi
1035 3868 1253 3950 amplissimus

288 3971 429 4033 campus.
477 3949 588 4014 Finita
622 3951 769 4015 oratioue
810 3952 1003 4035 egredimur.
1053 3951 1252 4031 Consulitur,

288 4035 373 4118 quod
394 4034 471 4099 alibi
492 4055 689 4118 acceperam.
720 4037 794 4102 Hoc
816 4037 916 4102 bcncs
936 4038 1020 4102 viros
1039 4048 1156 4117 movet,
1169 4039 1254 4122 quod

289 4119 330 4185 ad
351 4142 404 4185 mc
422 4121 547 4198 attinet,
571 4122 668 4186 nimis
691 4121 875 4199 honorifice,
904 4135 940 4186 ut
962 4143 1003 4186 ex
1025 4145 1179 4206 responso
1201 4146 1254 4190 ac·

390 4427 421 4494 4)
440 4427 571 4507 simlerus
587 4427 631 4481 hic
648 4427 701 4480 cibi
714 4427 901 4508 Lccqmeasec
918 4429 1122 4496 deprehendisse
1139 4420 1260 4486 cr'detar.⁴

293 4496 348 4550 Car
365 4513 420 4550 cca
435 4502 528 4563 potrus
546 4495 579 4548 de
597 4495 805 4550 Pedcmontcms
822 4496 974 4564 constares?

306 4634 312 4645 .
354 4633 360 4645 Ι
391 4563 425 4645 5)Ι
439 4565 468 4618 in
495 4563 598 4644 ditione
626 4565 747 4632 epiceopi
769 4564 944 4646 Dactionum.
981 4567 1046 4621 Post
1069 4569 1169 4647 obitum
1190 4569 1254 4622 Phi·

290 4634 359 4701 hppr
381 4648 500 4700 merops
522 4647 548 4683 c.
568 4631 635 4685 1555
657 4631 777 4697 &scach
801 4636 898 4688 claras
919 4635 1111 4690 Necccmeasra
1133 4638 1254 4700 scaram

289 4709 429 4825 metam
445 4702 728 4834 officitqigrhahemnoplessa)
743 4704 899 4770 incipiendi,
922 4720 1012 4758 cmm
1031 4706 1182 4759 Blaurerus
1200 4706 1254 4759 dia-

281 4908 363 4961 ·cr'cm
386 4836 541 4986 §dedebam
554 4836 1255 4988 xrmqwaffioffiwmgcsgsseeraJx-gg

289 4975 373 5123 'onds'
389 4975 503 5109 ‘llcllcrl
525 5043 584 5111 ipse
606 5044 786 5125 cumflcolteqc
810 5045 915 5100 Emcro
939 5046 1052 5127 Deynqn
1076 5047 1201 5125 ministro
1224 5048 1254 5101 in

294 5110 428 5164 Serrstres
455 5128 483 5164 ur
500 5127 555 5165 sam
572 5119 653 5166 antec
670 5130 699 5165 m
717 5114 850 5168 samanar
864 5114 1078 5182 capadocenus
1094 5130 1153 5168 erus
1169 5131 1254 5169 comes

290 5179 410 5243 sacrat
447 5180 600 5248 tequidem
619 5179 731 5234 Ktrcbb.
753 5179 862 5236 11.145.
900 5182 1009 5238 Ructat
1031 5197 1094 5236 cero
1112 5183 1170 5249 (Vl
1188 5183 1252 5249 218)

293 5246 377 5300 alium
393 5261 488 5301 comen
502 5249 613 5317 praebet
631 5249 737 5303 Lnllt'et.

1304 3442 1428 3518 attinet,
1451 3441 1649 3506 desiderasse
1678 3464 1731 3505 mc
1753 3451 1828 3506 ante
1847 3463 1951 3506 annos
1973 3441 2110 3525 triginta
2132 3444 2272 3508 invisere

1304 3526 1361 3592 sed
1393 3549 1561 3608 nunquam
1595 3527 1707 3591 datum
1740 3527 1806 3592 nisi
1838 3548 1933 3592 nuno.
1979 3527 2170 3609 Philippum
2200 3549 2271 3593 vcro

1306 3614 1509 3694 praecepisse
1532 3622 1569 3676 ut
1581 3612 1763 3677 secederem
1783 3612 1869 3687 hinc,
1888 3612 1949 3677 hoc
1961 3634 2131 3695 uunquam
2153 3615 2270 3680 factum

1305 3697 1522 3781 abepiscopo,
1551 3719 1610 3764 nec
1643 3699 1697 3764 hic
1725 3719 1785 3763 nee
1807 3698 1894 3775 alibi,
1908 3697 1974 3762 *sed
1992 3719 2045 3763 me
2068 3697 2219 3766 docuisse
2239 3699 2270 3762 li·

1306 3783 1380 3847 bere
1402 3785 1437 3846 iu
1466 3784 1589 3848 ditione
1613 3785 1762 3868 episcopi,
1793 3793 1829 3848 ut
1862 3784 2097 3867 Agathopoli⁹)
2128 3795 2161 3849 et
2184 3784 2269 3850 alibi:

1304 3889 1358 3932 me
1377 3890 1480 3951 neque
1503 3870 1679 3935 seditiones
1706 3892 1810 3952 neque
1840 3879 1947 3934 motus
1977 3871 2131 3947 excitare,
2157 3872 2215 3936 sed
2236 3891 2270 3934 ea

1306 3975 1485 4037 proponere
1517 3975 1600 4037 quae
1634 3957 1796 4038 principes
1833 3976 1907 4020 cum
1945 3956 2041 4037 plebe
2073 3959 2269 4041 coniungant

1306 4052 1416 4105 sancte
1438 4049 1471 4103 et
1488 4040 1569 4104 nihil
1602 4063 1672 4106 esse
1696 4043 1799 4124 magis
1822 4062 1894 4104 ere
1915 4041 2103 4124 principum
2125 4065 2224 4126 quam
2240 4040 2269 4106 id

1306 4125 1391 4208 quod
1414 4125 1521 4205 doceo,
1555 4126 1712 4192 nimirum
1737 4136 1775 4191 ut
1796 4136 1935 4210 pareant
1956 4127 2100 4206 Christo,
2133 4131 2206 4214 regi
2226 4150 2269 4193 rc

1306 4233 1398 4295 gum,
1427 4211 1461 4276 in
1484 4212 1576 4277 cuius
1601 4234 1698 4291 mauu
1721 4220 1799 4277 sunt
1820 4213 1938 4290 omnia,
1961 4222 2141 4297 curentque
2164 4234 2269 4279 omnes

1306 4295 1437 4362 obedire
1455 4298 1596 4364 Christo.
1645 4299 1701 4362 Mc
1725 4297 1924 4362 vocationem
1954 4319 1974 4363 a
1997 4298 2132 4365 Christo
2156 4300 2269 4366 habere

1306 4383 1484 4466 probatam,
1511 4384 1563 4446 cui
1591 4404 1704 4449 omnes
1734 4383 1915 4448 adversarii
1939 4405 2003 4448 non
2026 4395 2208 4467 potuerunt
2228 4406 2270 4450 re·

1306 4469 1435 4534 sistere:
1458 4470 1505 4533 ita
1527 4469 1653 4534 dedisse
1670 4469 1849 4534 Dominum
1872 4491 1907 4534 os
1929 4479 1961 4535 et
1983 4472 2182 4553 sapientiam
2201 4493 2270 4539 cou-

1306 4562 1358 4619 tra
1380 4575 1491 4619 omncs
1521 4554 1732 4620 adversarios.
1774 4554 1872 4635 Quod
1901 4564 1934 4620 et
1963 4556 2113 4621 futurum
2131 4580 2200 4624 non
2217 4557 2270 4622 du·

1306 4639 1383 4718 bito,
1407 4650 1439 4703 ct
1461 4640 1488 4704 si
1506 4642 1578 4721 quis
1600 4641 1701 4722 possit
1724 4662 1776 4704 mc
1798 4639 1871 4704 falsi
1890 4648 1922 4704 et
1954 4662 2130 4724 perversae
2160 4644 2271 4710 doctri·

1306 4746 1368 4790 uae
1391 4726 1583 4791 convincere
1605 4746 1658 4790 mc
1679 4725 1802 4789 nullam
1826 4728 1954 4791 veniam
1972 4747 2116 4808 poscere,
2140 4731 2200 4795 sed
2221 4749 2271 4813 po

1307 4812 1371 4877 tius
1395 4820 1549 4894 utquam
1583 4811 1775 4876 durissimae
1799 4809 1838 4876 de
1862 4833 1914 4877 me
1946 4822 2122 4878 sumantur
2144 4836 2271 4898 poenae.

1305 4897 1377 4961 Hoc
1400 4897 1486 4961 enim
1504 4897 1608 4962 multo
1626 4906 1792 4980 praestare
1809 4908 1846 4961 ut
1863 4897 1916 4963 hic
1928 4897 2017 4962 luam
2039 4920 2163 4980 poenas
2182 4922 2273 4985 quam

1305 5118 1442 5241 mma
1456 5119 1589 5174 Melcbicr
1619 5137 1637 5173 c
1665 5118 1842 5185 Lr'cbtensels,
1880 5120 2005 5190 Philippi
2037 5138 2055 5174 a
2085 5122 2275 5179 Gundebtein

1407 5255 1435 5322 9)
1454 5255 1610 5310 Neuvccs'lle
1627 5257 1700 5311 cline
1718 5256 1876 5312 Bonnecs'lle
1893 5258 1931 5312 cd
1947 5259 2035 5313 lacum
2053 5258 2217 5316 Bidenses.
