4688 5910
80 311 140 372 cre
265 312 267 317 ·
405 312 406 315 ‘
948 306 1029 386 ¹⁵5⁷
1052 302 1213 371 oouoss.
2012 311 2079 372 aar

77 515 143 561 non
188 494 329 577 amplius
368 492 580 559 constrictum
618 500 651 557 et
683 493 903 576 mancipatum
935 495 1049 558 teneri.
1104 491 1293 558 Remondus.
1340 493 1426 558 Nam
1454 493 1614 577 optimum
1643 495 1751 559 virum
1780 493 1858 560 αθ.
1887 495 2020 562 Andreu
2033 496 2077 578 ¹²)

77 585 264 663 Antequam
297 599 377 645 vero
399 585 466 643 tarn
488 576 590 643 libere
612 599 743 644 sensum
765 579 866 642 animi
888 579 1053 661 professus
1103 576 1268 644 Dominus
1301 576 1343 643 ad
1376 600 1410 644 se
1439 580 1568 662 recepit.
1624 580 1744 645 Frater
1770 599 1899 663 quoqne
1931 601 2024 646 meus
2041 589 2076 648 et

78 676 173 745 esset,
194 667 236 730 D.
259 687 280 731 a
301 665 402 731 Lasm
429 664 619 730 humaniter
640 663 680 729 ab
700 685 738 728 eo
760 664 858 730 fuisse
880 673 1052 747 exceptum
1103 664 1201 730 amici
1222 663 1403 747 complures
1425 663 1485 728 tibi
1515 666 1622 730 fauste
1644 666 1754 730 omnia
1776 674 1960 747 precantur.
2004 667 2075 732 Do·

78 751 213 836 gaudeo.
227 755 260 837 ὅ)Ι
296 750 434 817 Utinam
460 748 501 814 ad
529 748 659 831 privata
689 748 848 831 colloquia
876 756 974 832 atque
1003 749 1052 816 ia·
1103 749 1212 815 minus
1233 749 1294 815 tibi
1315 770 1443 832 semper
1454 749 1548 828 adsit,
1570 760 1602 814 te
1623 751 1739 833 spiritu
1754 772 1813 816 suo
1834 752 1994 835 gubernet
2004 774 2075 817 om·

77 837 223 902 miliares
245 856 411 902 sermones
440 835 568 917 saepius
599 834 833 900 admitteretur.
879 833 945 900 Sed
967 835 1053 919 quod
1102 837 1199 919 nique
1216 835 1440 903 benedictione
1468 845 1688 919 prosequatur.
1734 835 1898 902 Genavae.

79 923 169 988 sanis
194 921 338 988 masiliis
371 920 558 1002 sanatisque
587 919 818 985 monitionibus
846 918 985 986 difficilis
1010 920 1050 987 ad

78 1029 155 1074 eum
174 1027 322 1074 accessus
351 1011 449 1090 patet,
478 1003 540 1071 hoo
568 1006 694 1083 vitium,
725 1013 762 1069 ut
785 1026 890 1089 spero,
919 1005 1053 1071 tandmn

78 1093 222 1243 corriget
238 1101 375 1175 tempus.
422 1092 460 1158 Si
481 1091 625 1157 confecto
649 1090 771 1170 ballol)
790 1093 873 1156 serio
891 1090 933 1155 ad
955 1093 1053 1156 reior·
1485 1130 1688 1141 —-

78 1200 155 1244 man
180 1199 314 1245 assuas
340 1178 492 1244 ecclesias
513 1177 707 1255 incubuerit,
729 1177 836 1242 locum
860 1177 969 1260 procul
992 1177 1051 1243 du·

79 1265 131 1331 bio
150 1286 246 1348 quem
268 1284 327 1348 pro
354 1275 415 1329 sua
436 1264 558 1346 pietate
580 1262 727 1328 doctriua
749 1262 950 1345 experientia
972 1264 1051 1328 dex·

78 1352 208 1416 toritate
237 1356 384 1414 meretur
408 1349 450 1414 D.
475 1370 495 1413 a
518 1349 617 1414 Lusco
644 1347 731 1431 apud
759 1349 866 1430 ipsum
894 1356 926 1413 et
952 1369 1050 1414 cuno·
1535 1363 1633 1433 2745,

80 1444 131 1500 tos
153 1456 303 1519 proceres
331 1434 502 1501 obtinebit.
545 1434 623 1501 Mea
651 1435 783 1517 quidem
812 1434 1051 1499 commendatio
1109 1483 1114 1493 .

80 1520 141 1588 hoc
171 1531 315 1604 tempore
345 1542 411 1585 non
440 1519 565 1585 inutilis
589 1519 686 1584 modo
719 1519 776 1584 sed
806 1518 942 1584 ridicula
971 1540 1050 1603 quo·
1349 1518 1584 1585 OALVINUS
1612 1518 1823 1586 POLONIS.

79 1628 142 1690 qne
164 1617 256 1672 esset.
301 1605 368 1672 Sed
398 1628 441 1671 an
468 1615 650 1688 postremae
678 1604 801 1683 literae,
824 1626 904 1687 quas
927 1606 1051 1670 ferebat

80 1692 298 1768 lientaninua
320 1691 361 1757 ad
393 1693 506 1770 eum⁷)
529 1691 749 1773 pervenerint,
772 1689 879 1755 adhuc
902 1691 983 1755 mihi
1001 1699 1052 1755 eet
1189 1687 1380 1754 Praemissus
1409 1689 1569 1754 nonnullis
1591 1689 1628 1755 de
1654 1691 1745 1756 retus
1766 1712 1872 1758 corum
1892 1694 2074 1762 reustum-

78 1779 248 1845 incertum.
282 1776 397 1859 Itaque
419 1778 521 1842 donec
544 1776 626 1841 mihi
647 1785 849 1858 compertum
871 1776 969 1841 luerit
986 1797 1052 1841 uon
1101 1775 1156 1853 cie,
1173 1775 1211 1838 de
1233 1774 1419 1840 Limnanino
1440 1781 1468 1839 et
1490 1776 1598 1850 Lusco,
1622 1796 1678 1841 suo
1698 1781 1725 1840 et
1746 1778 1930 1861 mlleqarum
1951 1782 2073 1846 aornim

79 1864 244 1947 repudiari
264 1865 303 1929 ab
326 1864 396 1946 ipso
418 1883 524 1927 meam
543 1882 683 1944 operam,
707 1861 913 1926 ascribendo
937 1882 1051 1944 super·
1101 1879 1160 1942 quo
1177 1865 1270 1939 paeto
1298 1861 1487 1943 Auqurtana
1516 1866 1543 1925 et
1571 1859 1786 1926 Waldensium
1815 1866 1966 1946 confacio
1992 1867 2074 1933 citra

78 1950 184 2015 sedeo.
218 1951 248 2014 A
272 1949 317 2014 ud
339 1949 455 2014 illustr.
479 1949 657 2031 principem
669 1947 857 2012 Palatinum
877 1947 1052 2012 Veterensem
1101 1947 1251 2010 dmrtnum
1262 1946 1418 2028 puritatis
1446 1947 1602 2012 doctrinae
1622 1947 1781 2012 concitiari
1792 1952 1918 2030 possint
1937 1957 1964 2016 et
1984 1952 2073 2017 debe-

78 2035 218 2101 libenter
246 1971 364 2118 lirngar
392 2034 444 2099 his
462 2031 617 2117 partibus.
661 2032 703 2097 In
721 2033 824 2097 literis
846 2034 946 2097 etiam
968 2054 1052 2098 com·
1100 2036 1158 2097 ant
1179 2031 1324 2097 declara.

77 2120 232 2186 munibus
254 2141 335 2202 quas
360 2120 501 2186 scribere
523 2118 651 2185 decrevi
660 2120 690 2194 ⁸)
712 2117 799 2182 idem
822 2118 935 2182 studeo
958 2139 1051 2201 prae·

79 2214 175 2271 stare,
226 2207 376 2288 Denique
398 2227 456 2287 pel·
478 2226 530 2270 me
553 2224 620 2269 „011
641 2205 742 2270 stabit
764 2204 937 2285 quominus
960 2213 1051 2269 auto.
1104 2203 1298 2270 (Describimue
1320 2202 1458 2272 exemplar
1480 2218 1530 2271 per
1547 2201 1744 2256 amanuensem
1764 2203 1910 2274 Bullingeri
1932 2214 2072 2261 exaratum

78 2292 175 2356 ritate
198 2313 263 2374 qua
282 2291 400 2375 dignus
429 2299 482 2356 est
509 2288 595 2355 aud
614 2310 690 2355 suos
712 2289 841 2372 polleat.
883 2289 985 2354 Cuius
1002 2290 1050 2354 rei
1102 2272 1331 2356 inurendum.
1351 2273 1422 2325 Plus.
1442 2269 1720 2351 Vlzv⁰¹1⁰⁶2⁰¹¹¹¹¹
1740 2273 1808 2341 Epp.
1828 2270 2072 2328 litttcumhac

524 2311 550 2438 X
1102 2348 1291 2411 inscriptione:
1311 2340 1356 2395 De
1372 2339 1540 2403 consessione
1556 2339 1742 2393 Watdeneeum
1759 2349 1783 2393 et
1801 2342 1966 2411 Anquetaua
1987 2344 2072 2398 Gene-

79 2378 146 2441 Μ
173 2377 291 2461 h5⁰m⁰
321 2377 499 2459 praeterita
546 2385 754 2441 ⁰⁰¹¹m⁰¹¹tum
783 2395 850 2439 ⁰⁰¹¹
878 2375 1050 2440 ⁰b⁸⁰umm
1102 2425 1203 2466 venees.
1248 2411 1347 2463 Exstat
1373 2424 1480 2478 quoque
1512 2409 1541 2459 in
1568 2408 1692 2461 Archivis
1718 2410 1833 2462 fratrum
1859 2412 1887 2463 in
1915 2411 2072 2466 Hemenlrnt

80 2460 206 2528 dedisse
228 2463 349 2528 videor.
390 2460 502 2542 Quum
531 2461 587 2525 ille
620 2481 717 2542 quem
744 2458 873 2542 oblique
899 2459 1051 2544 designas
1103 2479 1178 2534 uss.
1202 2479 1277 2532 dom.
1294 2479 1329 2533 Χ.
1353 2495 1379 2546 p.
1397 2475 1440 2544 78,
1464 2482 1493 2529 et
1515 2493 1557 2545 sp.
1583 2476 1724 2530 Sinlerum
1742 2478 1805 2531 vol.
1822 2477 1864 2532 90.
1900 2479 1975 2533 idem
1998 2481 2071 2535 aliud

79 2548 185 2612 multa
207 2548 293 2632 apud
314 2569 366 2612 me
389 2548 489 2613 verba
497 2546 621 2612 faceret
629 2552 657 2625 ⁹)
681 2546 721 2610 da
731 2547 885 2620 intestino
908 2545 1048 2624 dissidio,
1103 2548 1216 2618 praebet
1233 2547 1302 2600 Hala
1320 2563 1370 2627 per
1387 2545 1420 2599 Η.
1439 2545 1470 2597 R.
1490 2545 1566 2598 Pauli
1584 2546 1618 2596 ad
1636 2545 1674 2601 10.
1692 2546 1772 2600 Oonr.
1791 2548 1942 2601 masuram
1959 2550 2071 2603 mnsam

79 2635 241 2716 respondi,
263 2635 310 2698 ita
338 2631 421 2697 mihi
448 2640 651 2716 perspectam
681 2652 750 2696 esse
777 2632 930 2715 pietatem
959 2631 1000 2694 D.
1029 2653 1050 2696 a
1102 2634 1162 2670 ¹⁰¹¹
1179 2616 1434 2697 ¹1³⁰¹¹²¹¹¹¹P¹¹⁰l⁰²
1459 2612 1610 2678 Mil&
1632 2614 1760 2695 epistotae
1777 2615 1932 2695 ¹¹¹0⁶¹¹¹
1952 2623 2072 2699 ΗΜΘ·

1102 2700 1180 2739 rocoa
1197 2684 1333 2739 Domitios
1354 2699 1402 2752 qua
1421 2698 1523 2750 puram
1545 2683 1677 2751 ecanqeln
1699 2685 1851 2738 doctrinam
1875 2692 2025 2754 sequuntur
2041 2704 2072 2741 en

78 2719 180 2817 ,Lm
202 2732 239 2783 αἶ
260 2727 348 2784 ⁰⁰rt⁰
370 2739 544 2817 Pmuasuq
566 2738 680 2796 meme
702 2716 842 2816 fidelitil'
864 2725 896 2780 et
918 2725 1049 2815 menni?
1103 2753 1222 2809 Potoaia
1254 2759 1280 2807 et
1307 2752 1479 2806 seruaturum
1508 2752 1654 2804 ministros.
1695 2753 1765 2804 Boea
1793 2753 1904 2822 dempto
1931 2757 2018 2822 capite
2043 2763 2073 2808 at

76 2825 185 2887 ipsum
208 2804 356 2870 laborare
380 2826 415 2868 1n
448 2803 673 2887 amplificando
695 2802 820 2868 Ohnstr
841 2822 949 2885 regno.
984 2801 1050 2867 Ubi
1101 2824 1174 2876 021oe
1192 2822 1277 2876 edidit
1294 2821 1393 2876 Gener.
1411 2837 1437 2889 p.
1450 2817 1507 2883 186,
1524 2820 1602 2872 Lam.
1614 2837 1641 2887 p.
1650 2817 1710 2884 401,
1730 2820 1835 2874 aanor.
1850 2839 1877 2891 p.
1887 2820 1947 2885 449,
1966 2822 2071 2878 olonae

76 2889 210 2955 laudavi
239 2900 272 2953 et
301 2890 483 2955 doctrinam
519 2898 551 2953 et
582 2886 744 2953 studium:
775 2887 941 2952 confessus
966 2908 1049 2965 sum,
1411 2905 1438 2957 p.
1458 2887 1516 2954 aba,
1535 2891 1622 2942 Amat.
1641 2905 1667 2955 p.
1687 2888 1758 2952 115.)

77 2976 151 3039 fieri
184 2975 314 3058 quidem
347 2997 440 3058 posse
472 2984 511 3039 ut
543 2975 732 3039 austeritate
763 2973 864 3038 nimia
896 2973 1049 3037 nonnihil

76 3071 257 3144 peccasset:
280 3062 355 3144 quia
377 3070 488 3124 tamen
511 3059 620 3143 procul
634 3061 789 3138 abessem,
808 3080 875 3123 non
896 3058 981 3124 ferre
998 3059 1048 3123 iu·
1186 3061 1221 3126 S.
1245 3059 1336 3141 Quas
1356 3060 1437 3123 mihi
1459 3069 1568 3124 vestro
1590 3060 1766 3125 nomineet
1784 3060 1946 3141 mandato,
1969 3083 2070 3147 gene·

77 3146 200 3212 dicium
223 3145 263 3210 de
285 3147 381 3212 rebus
403 3147 585 3230 incognitis.
1101 3147 1167 3212 rosi
1189 3155 1221 3212 et
1242 3145 1367 3211 nobiles
1386 3146 1519 3209 Domini
1531 3145 1712 3228 mnusque
1734 3147 1936 3226 observandi,
1958 3169 2070 3215 mense

163 3230 260 3312 Quod
278 3231 319 3296 ad
338 3230 593 3314 nuncupandum
604 3230 690 3295 Duci
709 3251 790 3312 opus
807 3228 935 3313 aliquod
958 3249 1047 3311 spec·
1100 3233 1197 3298 Iunio
1229 3232 1404 3315 scripserat
1435 3231 1539 3296 fidelis
1574 3230 1659 3312 apud
1692 3253 1750 3297 vos
1772 3233 1922 3298 minister
1943 3232 2069 3300 Christi

75 3323 134 3396 tat,
156 3318 221 3382 iam
243 3318 369 3383 exierat
391 3318 643 3383 commentarius
661 3316 696 3380 in
717 3316 876 3393 Psalmos‚
890 3318 931 3393 ¹⁰)
955 3322 1048 3379 ante·
1099 3325 1133 3382 ot
1154 3339 1261 3402 symm
1286 3328 1336 3382 eta
1362 3317 1442 3381 mihi
1472 3315 1625 3382 colendus
1646 3316 1743 3382 Felix
1767 3317 1921 3401 Grueiqer,
1937 3323 1960 3397 ¹)
1983 3341 2070 3386 nuuc

74 3423 176 3486 quam
201 3404 354 3469 venirent
381 3415 456 3469 tuae
477 3403 601 3480 literae,
625 3421 684 3468 nec
706 3402 799 3467 brevi
816 3400 985 3484 continget
1006 3401 1048 3465 si·
1098 3405 1229 3469 demum
1289 3403 1469 3476 aniclaua²l
1492 3402 1572 3466 mihi
1594 3400 1742 3467 reddidit.
1775 3404 1850 3468 Etsi
1872 3413 1982 3470 autem
2000 3427 2069 3470 ma·

73 3488 164 3553 milis
185 3488 331 3555 facultas.
373 3489 447 3554 Etsi
470 3490 557 3553 enim
580 3487 699 3553 Isaiam
723 3508 811 3552 nunc
833 3496 955 3564 retexo,
979 3505 1047 3549 ma·
1097 3490 1187 3554 xime
1207 3494 1370 3570 optassem
1398 3487 1493 3553 citius
1523 3487 1665 3571 perlatas
1693 3509 1772 3567 esse,
1796 3491 1933 3556 mutatio
1957 3499 2069 3557 tamen

74 3574 168 3639 nebit
190 3584 299 3640 tamen
320 3575 516 3640 labormeus
538 3572 662 3639 dicatus
680 3573 795 3655 optimi
817 3572 903 3656 regis
925 3592 1046 3636 memo·
1097 3595 1180 3659 quae
1204 3580 1317 3656 postea
1347 3573 1484 3657 contigit
1510 3573 1634 3656 optima
1660 3573 1722 3637 fuit
1747 3595 1858 3641 morae
1880 3597 2069 3659 compensa-

74 3661 154 3724 riae.
169 3663 209 3739 ¹¹)
246 3659 338 3739 Vale,
368 3661 486 3725 eximie
516 3661 566 3726 vir
584 3667 617 3725 et
643 3658 746 3724 frater
762 3658 844 3723 mihi
867 3657 1045 3741 plurimum
1097 3663 1153 3725 tio.
1205 3660 1289 3723 Nam
1316 3660 1392 3742 quia
1420 3658 1512 3724 vobis
1543 3658 1689 3724 redditus
1716 3669 1767 3725 est
1796 3662 1939 3743 optimus
1968 3664 2070 3728 frater

73 3745 274 3811 honorando.
324 3746 477 3811 salutant
500 3754 531 3810 te
557 3745 700 3829 collegae
727 3745 793 3808 mei
822 3752 855 3808 et
874 3764 952 3827 prae
973 3742 1047 3807 aliis
1097 3754 1208 3812 noster
1240 3735 1494 3822 Lismaninus,¹)
1527 3745 1675 3826 quamvis
1703 3766 1755 3809 me
1788 3748 1922 3811 anxium
1942 3755 2069 3814 teneret

73 3937 281 3946 ——---

1184 3982 1230 4047 12)
1249 3983 1300 4039 Br.
1318 3984 1425 4037 scribit:
1443 4001 1468 4036 v.
1486 4000 1506 4035 s.
1525 3983 1667 4036 Auderem.
1705 3982 1832 4049 Haaqius
1849 3982 1895 4034 IX.
1915 3980 1948 4034 76
1964 3983 2068 4047 fatetur

180 4052 209 4112 bl
231 4052 272 4117 Os.
291 4053 328 4107 N.
346 4052 422 4106 2652.
1098 4069 1126 4106 ae
1143 4056 1272 4119 tenerare
1288 4052 1400 4121 quando
1417 4052 1520 4106 adimit.
1557 4051 1594 4104 dn
1614 4050 1821 4104 Commentariis
1835 4048 1952 4103 Senatus
1970 4053 2068 4118 teqimr

182 4120 210 4188 6)
228 4121 369 4176 Livonico.
1097 4123 1135 4175 ad
1160 4121 1216 4175 aaz.
1236 4120 1290 4174 Iul.
1311 4120 1454 4175 Caluinum
1476 4136 1586 4188 rapuere
1609 4127 1639 4175 ut
1661 4121 1762 4188 aliquis
1784 4120 1814 4171 in
1836 4118 1923 4172 lecum
1946 4120 2069 4184 defuncti

179 4189 207 4257 7)
228 4190 272 4243 Ad
289 4188 387 4260 quem?
422 4189 455 4243 Si
475 4188 544 4258 quid
565 4188 701 4256 uidemus,
724 4205 779 4242 nen
803 4188 841 4241 ad
858 4187 980 4242 Luscum
1001 4190 1048 4244 cui
1096 4189 1272 4252 miteretur.

75 4257 237 4379 {gallam
254 4258 541 4393 &tuigffsmaninq
548 4257 694 4379 Ι(ιίιῑυὲηιέῗε
703 4258 833 4380 ehcrzqdeqtn
830 4257 881 4323 (N.
898 4256 980 4380 ἓξὲξ)
998 4257 1046 4381 “li
1097 4258 1229 4385 2745&
1247 4263 1437 4380 &ruffina
1452 4257 1546 4375 la'ctcla.

195 4343 305 4380 em.
406 4342 746 4391 ,meciamrcn
850 4342 1045 4380 aaran.
1241 4364 1286 4379 ..
1374 4364 1474 4379 ..

76 4395 140 4448 Ima
158 4344 258 4449 aletur
275 4398 385 4449 lucrm
402 4345 449 4449 vig
463 4396 565 4464 poterit
581 4394 689 4463 aliquis.
1198 4394 1228 4461 3]
1249 4396 1287 4448 Ν.
1305 4393 1381 4446 2703.
1418 4393 1561 4447 Decretum
1579 4410 1632 4463 quo
1655 4397 1686 4448 in
1707 4393 1832 4447 exsilium
1849 4399 1927 4446 actua
1944 4399 1983 4445 eat
2001 4392 2063 4446 Rea

179 4463 207 4530 8)
232 4464 297 4518 Vide
314 4471 480 4533 sequentem:
507 4463 579 4517 unde
603 4468 681 4518 etium
706 4463 788 4518 liuius
810 4463 917 4517 natales
937 4464 1048 4529 definiri
1096 4463 1205 4544 quidem
1226 4480 1283 4518 non
1305 4465 1411 4518 alatne
1432 4479 1517 4516 ausus
1540 4469 1579 4516 eat
1602 4470 1715 4530 propter
1740 4463 1878 4529 episcopos
1900 4459 2065 4515 Liamanino

75 4537 185 4601 queunt.
1096 4533 1287 4597 infestissimae
1304 4530 1483 4597 (actuata.
1495 4529 1600 4600 93sq.),
1616 4530 1739 4598 permisit
1756 4537 1844 4583 tamen
1856 4534 1886 4582 ut
1903 4530 1934 4582 in
1945 4528 2063 4584 Palania

179 4600 208 4667 9)
226 4600 320 4654 lecerit
336 4601 386 4654 Br.
408 4629 436 4638 -
456 4601 544 4668 Apere
561 4599 668 4653 ridetur
685 4600 718 4653 de
742 4601 874 4667 Verqerio.
1097 4601 1173 4668 apud
1190 4603 1292 4654 amicos
1313 4601 1414 4654 lateret.
1431 4629 1464 4638 -
1483 4600 1519 4652 In
1537 4601 1616 4652 Actis
1635 4599 1750 4652 Senatus
1770 4597 1867 4651 Genea.
1887 4598 1925 4651 ad
1943 4597 1984 4649 14.
2006 4597 2062 4653 Oct.

164 4669 208 4734 10)
225 4686 260 4722 m.
289 4669 370 4723 Iulio.
420 4664 541 4722 Miraris
569 4683 635 4721 eane
663 4669 803 4737 epistolam
830 4685 863 4721 m.
893 4668 1046 4722 Februario
1097 4670 1241 4724 scribitur:
1265 4671 1374 4723 Lettres
1396 4669 1443 4722 des
1461 4668 1616 4722 Chrestiens
1638 4669 1671 4720 de
1693 4667 1785 4733 legliae
1807 4666 1841 4719 de
1860 4666 1989 4735 Pologne.
2025 4668 2062 4719 lla

74 4739 205 4805 scriptam
229 4746 291 4804 poet
312 4743 430 4808 quinque
447 4738 551 4792 &mum
568 4752 672 4791 menses
691 4737 825 4790 Genavam
841 4740 1003 4804 pervertisse,
1022 4745 1047 4791 et
1097 4738 1280 4791 advertissent
1302 4754 1404 4790 comme
1426 4738 1596 4790 hismaninus
1619 4747 1660 4789 cst
1706 4736 1822 4800 roscript
1848 4736 1915 4787 dont
1939 4736 1974 4788 ila
1999 4745 2063 4788 sont

73 4807 195 4872 fortasse
218 4809 310 4874 potius
336 4808 369 4861 ‹te
394 4807 489 4875 aliqua
519 4806 634 4874 epistola
659 4805 799 4872 deperdita
824 4808 944 4873 copitare
970 4807 1044 4859 cetis.
1096 4823 1209 4876 marrys,
1225 4823 1255 4860 se
1273 4806 1493 4859 recommendans
1511 4823 1563 4858 anx
1580 4806 1665 4857 ireres
1682 4753 1715 4859 ile
1733 4812 1806 4857 cesto
1823 4804 1913 4871 eglise.
1949 4804 2062 4858 Arrestd

80 4874 155 4942 Quid
182 4875 255 4944 quod
285 4876 316 4930 de
344 4874 530 4942 nuncupando
555 4874 633 4930 Duri
663 4875 732 4928 libro
761 4875 790 4927 in
825 4875 874 4927 illa
905 4872 1048 4928 Utentouii
1098 4875 1177 4944 qu'on
1205 4876 1245 4929 les
1271 4876 1457 4942 communique
1475 4892 1492 4926 a
1508 4874 1544 4926 Μ.
1563 4874 1664 4926 Calvio.
1701 4873 1777 4928 Haec
1803 4873 1882 4926 aliter
1907 4878 2008 4926 sonant
2030 4889 2064 4927 ac

74 4943 148 4998 nitu
172 4945 276 5012 lepitur.
314 4943 408 4999 Etiam
431 4949 538 4999 curura
558 4944 589 4998 in
614 4944 686 4998 tanc
707 4944 799 4996 minus
821 4943 885 4997 dene
907 4942 1046 5010 quadrare
1096 4950 1192 4999 nostra
1209 4944 1329 5012 epistota.
1358 4943 1450 4997 Euam
1470 4941 1669 5011 quaeGindely
1686 4942 1765 4995 habet
1779 4958 1806 5008 p.
1823 4939 1874 4993 403
1892 4940 1926 4993 de
1942 4939 2065 5009 epistolia

74 5012 213 5067 ridentur.
649 5052 651 5056 .
1097 5011 1185 5068 Laeti
1200 5019 1225 5066 et
1242 5013 1402 5066 Liemanini
1416 5018 1512 5066 cenna
1532 5010 1718 5065 Waldeneium
1736 5010 1929 5074 consessionem
1945 5012 2064 5076 scriptia,

163 5080 210 5144 11)
230 5080 342 5135 Prodiit
357 5080 398 5134 ed.
418 5080 461 5133 ΙΙ.
480 5096 505 5134 a.
526 5078 591 5133 1559
617 5095 700 5149 eaque
722 5078 816 5133 dicata
837 5079 892 5142 tuit
916 5085 946 5132 ut
966 5079 1044 5146 prior
1096 5079 1180 5150 deque
1196 5084 1334 5150 responait
1351 5081 1439 5135 uariis
1447 5081 1631 5134 Helvetiorum
1648 5080 1745 5148 quidue
1762 5078 1887 5132 nonnulli
1903 5079 1984 5131 tuine
2001 5093 2065 5131 ean·

79 5148 217 5204 Eduardo
243 5150 299 5215 VL,
322 5148 369 5202 sed
392 5166 462 5203 nova
486 5149 584 5203 addita
608 5155 645 5203 eat
669 5148 804 5203 dedicatio
824 5147 980 5202 Elr'sadetae
1003 5150 1043 5202 in·
1094 5150 1223 5275 [conquir
1241 5151 1352 5205 articuli
1373 5151 1526 5218 impuqnati
1543 5149 1670 5205 tuanen
1693 5165 1750 5203 curn
1769 5148 1820 5200 hac
1837 5152 1932 5200 nostra
1949 5146 2065 5215 epistola

76 5220 188 5286 scripta.
1094 5235 1150 5274 non
1185 5234 1231 5273 ene
1248 5219 1418 5275 conueniunt.

183 5301 293 5358 Caluini
305 5316 395 5371 opera.
436 5302 492 5359 Vol.
511 5301 543 5357 X
549 5303 596 5358 Vl.
1826 5301 1860 5354 43
