4778 5888
91 307 152 368 305
788 344 792 352 ·
960 309 1041 372 loos
1064 305 1226 374 OO'I'OB.

174 492 309 559 Eximio
335 492 462 559 Ohristi
488 479 585 559 servo
614 493 652 558 D.
674 493 791 561 Ioanni
812 494 953 561 Oalvino
974 495 1059 578 patri
1550 498 1650 571 2542.
1673 498 1681 565 f

89 579 173 645 mihi
193 580 232 644 in
250 578 366 662 primis
384 579 595 645 observando.

810 665 974 750 aenaeae.
1194 668 1256 734 nn
1279 652 1431 734 servan
1452 668 1517 734 oa
1539 670 1697 736 anana
1719 672 1750 736 a
1772 669 1915 739 onum
1938 674 2003 742 on

174 835 210 902 S.
243 837 329 901 Puto
357 844 391 900 te
421 836 560 913 audisso,
593 838 638 901 mi
671 847 774 919 pater,
804 838 844 902 da
866 839 967 902 fratre
988 859 1060 904 meo
1513 758 1714 839 GENEVE·

88 932 171 989 natu
200 923 324 988 maiore
345 923 400 1004 qui
423 930 552 1004 praeter
573 943 664 1004 spem
685 923 726 987 ad
749 944 802 988 me
823 924 917 989 venit
933 929 971 988 ut
992 945 1060 988 me-
1104 938 1106 942 ·
1198 940 1266 1007 1233
1294 938 1390 1023 sajet,
1417 943 1455 1010 a,
1485 942 1606 1009 ame
1633 950 1702 1011 m
1733 945 1857 1012 mgr,
1880 947 1917 1011 de
1944 949 2026 1015 ,Μ
2045 952 2089 1016 ὼ

88 1029 165 1075 oum
202 1009 401 1073 velitaretur.
418 1012 442 1091 ¹)
493 1011 542 1072 Ao
574 1009 656 1073 mihi
685 1009 825 1091 quidem,
860 1010 923 1074 Dei
946 1011 1060 1093 gratia,
1110 1027 1174 1109 faa
1195 1029 1355 1093 commisce
1381 1049 1440 1094 aar
1466 1029 1499 1094 ιο
1523 1049 1676 1115 personne
1703 1032 1779 1096 d'sm
1807 1033 1887 1114 sajet
1914 1032 1953 1098 de
1980 1033 2091 1102 Besae

88 1094 126 1159 in
144 1094 205 1160 hao
224 1094 410 1159 velitatione
427 1096 474 1158 ita
485 1095 640 1162 suoomsit
660 1105 699 1159 ut
714 1114 871 1178 magnum
893 1095 973 1159 mihi
992 1095 1061 1160 adi·
1112 1133 1185 1178 Μ
1203 1113 1341 1193 pram,
1358 1115 1396 1179 αθ
1416 1114 1545 1197 mk,
1566 1116 1758 1197 ,njmm
1774 1117 1961 1198 mmm„
1983 1125 2085 1185 m„

89 1188 161 1245 tum
191 1180 388 1264 patefaotum
412 1192 525 1262 putem
548 1179 587 1244 ad
611 1200 650 1245 ea
672 1179 848 1245 obtinenda
869 1202 953 1263 quae
975 1203 1060 1246 nun·
1114 1197 1227 1263 calvi„
1246 1205 1392 1265 remant
1411 1220 1483 1266 Μ
1498 1201 1606 1266 md,
1618 1201 1799 1284 francfort·
1832 1203 1936 1269 Bm
1953 1205 2085 1271 ,Mam

89 1286 189 1348 quam
223 1285 320 1364 ansus
353 1264 479 1362 luerem
512 1285 652 1347 sperare.
692 1265 790 1365 iluna
821 1267 904 1331 mihi
936 1268 1059 1332 iustum
1112 1283 1181 1349 zm
1212 1285 1400 1350 mmuh-0„
1426 1305 1511 1368 W
1539 1289 1602 1352 &m
1615 1288 1708 1372 m&
1731 1309 1797 1372 W
1823 1289 1850 1355 k
1877 1289 2029 1357 emam
2045 1293 2084 1358 de

89 1358 254 1419 oertamen
276 1358 427 1414 rmmrnet
447 1371 521 1416 oum
532 1359 635 1432 patre,
654 1372 783 1434 qaroum
794 1372 889 1434 spero
912 1372 971 1416 me
986 1373 1062 1418 oon-
1115 1368 1236 1452 (joppes,

89 1457 281 1522 gressumm
303 1435 392 1499 intra
409 1438 551 1519 quinque
567 1436 636 1502 dies
653 1439 689 1501 in
706 1437 879 1503 comitatus
901 1438 1060 1507 finibusssr

87 1523 223 1590 Utinam
245 1522 299 1587 det
323 1521 403 1586 mihi
424 1520 599 1602 Dominus,
627 1521 713 1604 quod
740 1543 819 1587 sane
842 1524 968 1589 oonfido
989 1525 1060 1590 eius
1153 1541 1296 1606 (stativas
1313 1542 1348 1595 de
1365 1544 1463 1606 Beroe,
1490 1542 1628 1599 wernher
1646 1543 1847 1598 Missis-Boon.
1865 1545 1897 1598 D.
1915 1545 1961 1599 tol.
1979 1544 2035 1612 86.)

88 1607 237 1674 bonitate
253 1608 365 1685 fretus,
384 1614 420 1672 ut
438 1628 503 1672 non
514 1608 610 1674 modo
621 1609 708 1673 illius
718 1609 860 1692 impetus
871 1610 1059 1687 sustineam,

89 1694 147 1760 sed
169 1694 269 1758 etiam
289 1713 375 1767 eum,
394 1694 422 1758 si
444 1694 516 1759 fieri
537 1701 654 1776 potest,
677 1695 820 1758 Domino
840 1715 913 1760 meo
934 1715 1060 1780 expng·
1776 1715 1877 1781 Jonff,

89 1800 176 1845 nem.
220 1779 400 1844 Paternum
429 1779 523 1843 illum
551 1780 694 1859 vultum,
727 1779 921 1858 blanditias,
954 1780 1060 1865 laery-
1517 1810 1520 1816 ·

89 1886 171 1942 mas,
200 1873 234 1928 et
260 1865 363 1947 patris
392 1874 426 1928 et
453 1866 550 1943 senis,
580 1866 685 1930 multo
706 1866 812 1949 magis
833 1875 943 1931 metuo
964 1888 1061 1949 quam
1198 1865 1320 1931 Nobles
1348 1873 1407 1930 eto.
1458 1866 1549 1933 Nous
1577 1876 1677 1952 ayant
1705 1867 1856 1933 Modone
1890 1869 2083 1938 ohastellain

90 1949 177 2016 ullas
206 1951 321 2015 minas.
365 1949 433 2015 Sed
462 1949 515 2016 hio
536 1971 663 2036 quoque
685 1971 752 2016 non
775 1948 887 2017 dubito
908 1952 986 2033 quin
1008 1973 1061 2017 me
1114 1951 1154 2016 do
1181 1950 1308 2034 Ooppet
1330 1951 1468 2035 adverty
1498 1953 1538 2017 de
1559 1953 1592 2017 la
1613 1954 1791 2036 procedure
1818 1974 1879 2035 ραι
1900 1955 1957 2039 luy
1980 1977 2000 2021 α
2020 1957 2084 2023 lin·

87 2038 242 2120 respioiat
262 2035 404 2102 olemens
426 2037 597 2115 Dominus,
616 2044 652 2103 ut
669 2037 779 2101 omnia
795 2037 832 2101 in
853 2037 990 2121 gloriam
1012 2038 1061 2120 ip·
1114 2046 1227 2103 stanoe
1248 2036 1288 2101 de
1310 2036 1413 2102 Iehan
1427 2037 1584 2104 Meroua
1604 2041 1850 2103 oontreoertain
1869 2043 2084 2128 personnaige

90 2125 162 2189 sius
183 2122 308 2186 oedant.
1115 2143 1245 2187 nomme
1275 2123 1400 2187 Robert
1434 2123 1539 2205 Ynfim
1563 2124 1667 2202 faiote,
1697 2144 1834 2190 aeause
1856 2124 1896 2189 de
1918 2128 2084 2194 oertainne

179 2206 274 2289 Quod
308 2207 426 2272 attinet
454 2206 496 2272 ad
526 2216 669 2282 caetera,
699 2207 854 2274 o'onstitni
894 2217 1062 2274 revertens
1114 2209 1283 2292 agression
1305 2230 1365 2290 ραι
1386 2207 1484 2273 lediot
1507 2209 1621 2273 Rodert
1642 2216 1676 2272 et
1697 2217 1807 2276 autres
1829 2211 1968 2293 lranqois
1989 2212 2085 2279 bour-

89 2296 173 2360 istao
211 2293 275 2357 iter
305 2292 412 2359 faeere
445 2301 482 2357 nt
514 2301 547 2359 te
579 2293 758 2377 ampleotar
790 2301 824 2358 et
853 2295 1062 2379 profeotionie
1114 2295 1203 2377 geois
1228 2302 1260 2358 et
1288 2293 1441 2359 habitans
1469 2295 1510 2359 de
1539 2303 1651 2359 vostre
1680 2294 1767 2374 ville,
1790 2304 1968 2361 revenantz
1990 2296 2030 2363 de
2052 2298 2085 2363 la

90 2389 170 2444 tuae
178 2381 207 2457 ⁸)
229 2400 391 2444 summam
415 2400 455 2442 ex
477 2391 890 2462 tepraesensoognosoam.
922 2381 1060 2445 Interim
1114 2378 1192 2444 ville
1217 2377 1257 2444 de
1286 2379 1491 2444 franolrfourt
1522 2381 1813 2464 d’aooompaignier
1841 2391 1950 2447 vostre
1971 2384 2084 2448 minis·

89 2464 180 2530 huno
201 2464 262 2528 tibi
283 2464 612 2546 commendoquihas
634 2465 693 2530 tibi
715 2465 828 2530 literas
846 2464 961 2530 reddit
996 2465 1062 2531 Ou-
1114 2472 1165 2528 tre
1194 2463 1327 2530 maistre
1347 2464 1452 2530 lehan
1484 2464 1603 2542 Calvio,
1632 2466 1717 2530 riere
1742 2473 1854 2531 nostre
1877 2466 2086 2549 jurisdiction

89 2552 150 2634 pit,
174 2551 202 2614 si
224 2551 319 2614 modo
340 2553 419 2615 satis
440 2547 473 2614 id
491 2550 656 2616 oommode
677 2551 749 2615 fieri
770 2561 877 2633 potest
898 2571 936 2617 ae
958 2550 1061 2629 debet,
1114 2571 1156 2615 en
1184 2550 1217 2614 la
1239 2570 1400 2632 personna
1429 2550 1541 2616 dudiot
1571 2550 1726 2616 Michollet
1753 2553 1914 2633 (eombien
1942 2553 2011 2636 quil
2037 2576 2086 2638 ny

89 2638 128 2700 in
168 2635 328 2700 demortui
360 2637 502 2701 cantoris
540 2636 647 2702 loonm
681 2637 859 2720 subrogari.
913 2637 1062 2703 Musioen
1115 2645 1172 2721 ayt
1201 2635 1266 2701 heu
1296 2635 1433 2700 auleone
1459 2636 1668 2701 vulneration
1695 2659 1740 2719 ny
1764 2637 1902 2702 effusion
1926 2638 1965 2703 de
1987 2640 2085 2723 sang)

93 2723 226 2808 egregie
258 2721 362 2798 oallet,
395 2723 528 2806 ingenio
557 2732 607 2786 est
639 2720 805 2787 moderato
834 2742 871 2788 ao
893 2722 1062 2805 tanquillo,
1114 2722 1210 2786 faiete
1233 2729 1267 2785 et
1292 2729 1470 2804 perpetres,
1505 2732 1539 2786 et
1560 2720 1600 2786 de
1623 2721 1655 2785 la
1676 2721 1771 2786 lettre
1793 2725 1928 2788 missive
1945 2744 2006 2806 que
2028 2746 2086 2790 sur

93 2809 181 2893 quod
216 2829 323 2872 rarum
354 2829 424 2873 esse
455 2809 542 2873 nosti
574 2809 609 2871 in
639 2806 796 2872 eiusmodi
815 2808 986 2873 hominum
1008 2830 1063 2892 ge·
1115 2828 1151 2872 oe
1175 2807 1204 2890 jl
1232 2827 1313 2871 vous
1341 2826 1361 2869 a
1389 2808 1536 2890 esoripte,
1560 2807 1600 2871 de
1622 2807 1762 2872 vonlloir
1778 2808 1922 2892 jndnyre
1942 2808 1991 2874 les
2013 2810 2083 2874 aul·

93 2915 182 2961 nere.
228 2894 319 2959 Haeo
352 2904 462 2958 antem
491 2915 528 2958 eo
557 2894 678 2958 oertius
710 2913 844 2976 possum
869 2895 1064 2959 oonfirmare
1116 2902 1184 2957 tres
1216 2892 1416 2974 partieipans
1449 2893 1561 2958 dudiot
1590 2913 1685 2959 exeas
1719 2914 1739 2956 α
1770 2913 1904 2978 ιοραιοι
1929 2893 1963 2957 la
1983 2893 2085 2960 faulte

92 3003 158 3065 quo
186 2981 303 3045 melius
327 2979 419 3043 illum
442 2981 528 3056 novi,
557 2980 678 3062 utqui
712 2981 778 3044 iam
808 2978 1064 3046 olimIrntetiae
1115 2999 1176 3061 par
1204 2978 1281 3041 eulx
1314 2978 1476 3055 oommise,
1497 2999 1580 3045 vous
1597 2998 1699 3043 avons
1720 2978 1795 3042 bien
1816 2978 1918 3044 voulu
1939 2979 2085 3045 advertis·

93 3068 273 3132 triennium
305 3065 391 3147 apud
424 3086 476 3130 me
504 3065 612 3129 fuerit.
658 3063 725 3130 Sed
752 3063 805 3130 hio
832 3074 942 3130 tamen
964 3064 1063 3147 dispi-
1115 3084 1177 3145 que
1211 3062 1251 3126 de
1273 3062 1350 3127 telle
1378 3084 1533 3146 responoo
1556 3083 1595 3128 ne
1616 3083 1700 3128 nous
1723 3064 1893 3129 scaurions
1915 3071 2086 3131 oontenter

94 3155 169 3230 aies,
199 3172 265 3216 non
295 3148 372 3233 quid
394 3161 512 3233 petam,
543 3150 599 3216 sed
633 3149 707 3232 quid
741 3147 901 3233 expediat.
951 3151 1064 3234 Neque
1115 3171 1161 3232 ny
1190 3147 1284 3213 telles
1310 3148 1528 3232 jnterprinses
1554 3147 1703 3228 endurer,
1726 3170 1781 3214 oar
1802 3170 1885 3214 nous
1907 3170 1987 3215 vous
2008 3150 2084 3216 lais·

95 3239 184 3303 enim
214 3237 277 3301 alia
298 3236 368 3319 lege
397 3236 455 3301 tibi
478 3258 552 3301 enm
575 3237 776 3319 eaeterisque
797 3236 954 3301 fratribus
976 3256 1063 3303 oom-
1115 3254 1192 3299 sons
1222 3232 1340 3315 pense'r
1368 3244 1400 3298 et
1427 3233 1624 3318 oonsyderer
1653 3234 1746 3317 quala
1775 3242 1809 3299 et
1830 3233 1979 3300 eombien
2000 3234 2084 3300 d'‘n·

93 3323 223 3389 mendo.
726 3407 733 3420 ·
1114 3321 1326 3384 eonvenients
1337 3321 1525 3402 pourroient
1542 3319 1793 3468 snrvenirdunff
1808 3327 1896 3385 ooste
1914 3318 1998 3385 etde
2034 3329 2085 3386 tre

180 3409 273 3473 Bene
303 3408 385 3473 vale.
416 3409 461 3472 mi
490 3416 592 3489 pater.
637 3407 798 3472 Domrnus
820 3406 914 3472 lesus
936 3408 1063 3472 salvum
1115 3414 1207 3470 entre
1236 3426 1297 3470 von
1325 3414 1359 3470 et
1389 3424 1450 3469 noz
1483 3406 1643 3489 sonbjeotz
1672 3426 1711 3488 sy
1741 3412 1803 3469 tez
1825 3426 1921 3471 eroes
1943 3414 2085 3491 evoyent

94 3505 127 3560 te
155 3516 192 3559 ao
220 3493 415 3560 ineolumem
445 3493 577 3557 domum
599 3514 702 3575 usque
723 3490 887 3576 perdurat,
909 3492 1063 3558 eoolesiae
1115 3489 1181 3555 lieu
1210 3500 1243 3554 st
1276 3491 1322 3556 les
1350 3499 1554 3573 promoteurs
1583 3490 1712 3574 djoeulx
1740 3498 1914 3573 nestoyent
1934 3490 2083 3571 ohastiea,

93 3602 173 3647 suae
203 3581 395 3644 misereatur
424 3579 548 3661 tibique
569 3578 675 3642 indies
696 3579 801 3662 magis
822 3597 859 3642 ao
881 3580 986 3661 magis
1009 3580 1063 3652 be-
1116 3575 1195 3640 dont
1215 3576 1437 3657 pouraultant
1457 3596 1520 3659 que
1542 3592 1596 3642 oes
1617 3577 1732 3642 ohoses
1753 3574 2085 3644 lasonttotallement

93 3664 232 3732 nedioat.
276 3667 448 3730 Lausanae
475 3676 587 3729 ootavo
615 3662 776 3741 Ootobris,
807 3684 907 3745 quam
933 3665 999 3728 iam
1022 3663 1063 3729 ad
1115 3671 1391 3726 oontrevenantas
1432 3680 1451 3724 a
1491 3663 1598 3727 bonne
1631 3662 1753 3746 amytis
1785 3669 1818 3726 et
1853 3663 2083 3746 roysinnanoe,
2155 3739 2158 3745 ,

94 3754 288 3817 iterassem
320 3753 494 3827 aooinotns,
528 3749 670 3832 alioquin
696 3748 757 3814 tibi
785 3749 913 3814 obviam
946 3750 1062 3815 iturus.
1116 3747 1206 3811 Nous
1230 3768 1310 3811 vous
1343 3747 1454 3829 prions
1487 3755 1681 3812 tresaoertes
1710 3766 1773 3829 que
1795 3766 1878 3829 pour
1899 3754 2083 3813 entretene-

93 3836 221 3902 Iterum
243 3837 318 3902 vale
340 3845 373 3902 et
397 3859 450 3902 me
473 3835 622 3918 precibus
643 3835 709 3900 tuis
730 3834 815 3899 iuva
1115 3840 1207 3897 ment
1235 3831 1358 3915 djoelle,
1392 3852 1490 3915 aussy
1519 3832 1559 3897 da
1590 3833 1653 3896 bon
1675 3833 1752 3913 paix
1774 3840 1807 3896 et
1827 3832 2036 3914 tranquillite,
2055 3833 2084 3916 jl

1115 3935 1195 3983 vous
1223 3918 1325 4000 plaiae
1349 3917 1493 4002 judnyre
1514 3918 1562 3982 les
1583 3937 1789 3982 susnommer
1811 3924 1920 3982 autres
1941 3917 2085 4000 franqois

438 4034 474 4070 .·
642 3971 702 4036 Th·
720 3971 808 4068 3⁰²⁸
858 4055 891 4120 di
927 4055 933 4069 .
972 4057 979 4070 .
1115 4011 1150 4068 et
1178 4003 1331 4068 habitans
1360 4002 1400 4066 de
1421 4011 1530 4068 vostre
1551 4003 1630 4068 ville
1652 4011 1779 4068 sestans
1800 4010 1914 4067 trouve
1933 4023 1976 4068 en
1998 4003 2084 4068 diote

95 4149 286 4156 „rm-„h
359 4114 364 4127 ’
402 4058 488 4123 films
510 4057 569 4123 l²b¹
590 4080 625 4121 ¹¹¹
648 4057 792 4122 D⁰m¹¹¹⁰
816 4056 856 4120 ad
892 4064 1065 4122 munus·
1115 4090 1305 4172 aggression
1332 4108 1431 4169 aveoq
1460 4087 1491 4152 le
1515 4088 1640 4171 prodiet
1669 4087 1789 4165 Robert,
1815 4085 1855 4173 de
1876 4108 1994 4170 ponroe
2014 4108 2084 4153 res·

688 4224 690 4228 .
921 4245 926 4256 ,
1116 4174 1238 4256 pondre
1269 4173 1378 4237 audiet
1410 4173 1601 4238 ehastellain
1634 4173 1672 4237 de
1705 4172 1832 4255 Ooppet
1860 4193 1900 4237 en
1923 4172 2029 4238 droiot
2049 4180 2084 4237 et

93 4247 185 4300 Μ
200 4247 229 4311 Ῑ)
250 4245 361 4300 0⁰⁷³⁸l⁶i
378 4262 404 4301 ⁶⁸·
414 4242 482 4298 1556
500 4244 631 4299 ῙΜΜ
649 4243 682 4297 αθ
691 4243 770 4306 ΒΜ
793 4242 925 4297 mam
939 4242 1063 4309 imm
1111 4261 1239 4343 justise,
1267 4272 1300 4323 et
1321 4259 1402 4323 faire
1423 4258 1581 4342 oondigne
1602 4258 1787 4341 reparation
1809 4257 1849 4322 de
1870 4257 2007 4323 loffenoe
2024 4278 2084 4341 par

93 4317 347 4441 fflm‘fffl
349 4316 472 4449 {⁸12ssss
490 4312 618 4445 {ruffio
626 4317 753 4448 „⁸2⁴⁰ssss
765 4312 862 4435 ,ml
877 4312 1065 4450 &mm
1117 4345 1192 4410 eulx
1222 4345 1391 4409 oommisse
1418 4365 1544 4409 oomme
1569 4344 1609 4409 da
1631 4364 1760 4426 rayson,
1783 4363 1838 4408 oar
1859 4341 2028 4426 lobjeotion
2050 4351 2085 4409 et

93 4470 155 4510 ruo·
170 4459 251 4522 patre
268 4453 339 4506 aasz
354 4454 498 4506 memoriae
511 4450 652 4520 proditum
669 4457 715 4504 est.
1117 4451 1236 4495 arouse
1262 4450 1321 4511 par
1348 4429 1425 4494 eulx
1453 4429 1600 4514 alleguee
1627 4450 1686 4511 ραι
1716 4428 1853 4510 laquelle
1872 4427 1918 4511 ja
1940 4428 2085 4495 veullent

199 4522 229 4584 2)
249 4519 512 4600 Formae-come,
782 4588 787 4599 ,
910 4587 915 4598 ,
1113 4517 1239 4599 Jnserer
1257 4537 1318 4598 que
1339 4514 1438 4579 lediot
1459 4513 1618 4580 Michollet
1639 4523 1689 4580 est
1710 4523 1898 4596 promoteur
1920 4512 1964 4576 du
1987 4512 2084 4579 dabat

197 4590 227 4655 3)
245 4590 306 4644 Hos
328 4606 432 4659 quoque
452 4591 522 4654 soar
545 4587 582 4640 ad
605 4601 708 4639 ansam
729 4593 848 4653 serame
870 4586 998 4667 wid&
1020 4586 1064 4667 ΜΓ
1118 4602 1198 4666 dont
1219 4611 1270 4665 est
1291 4601 1447 4683 question,
1469 4621 1551 4682 pour
1573 4601 1664 4665 avoir
1681 4600 1807 4683 profero
1829 4599 2082 4682 oertainnespa-

91 4658 344 4795 fffflfflblgf
356 4655 706 4793 mssfflffl‘sslg‘ffl
720 4654 1066 4791 {mamm
1118 4687 1215 4786 rolles
1240 4686 1438 4770 jniurionses
1458 4695 1568 4751 oontre
1586 4686 1749 4752 lhonneur
1769 4683 1809 4749 de
1831 4693 1940 4750 vostre
1957 4684 2084 4768 prodiet

91 4795 137 4853 vel
156 4798 281 4865 ριοιιιιι
299 4797 428 4852 rodomo.
465 4794 507 4860 Of.
524 4794 598 4863 quod
614 4794 681 4847 ιαάι
697 4793 729 4845 is
739 4791 805 4861 fine.
1118 4774 1276 4850 mimstre,
1309 4792 1351 4835 ne
1384 4772 1431 4835 les
1464 4770 1553 4853 peult
1584 4793 1604 4834 α
1636 4783 1746 4836 nostre
1768 4769 1872 4855 advys
1889 4770 2016 4835 relever
2037 4792 2084 4854 ny

1118 4862 1247 4939 moings
1276 4857 1380 4923 servir
1399 4878 1481 4938 ροιιι
1503 4857 1682 4941 esohapper
1703 4855 1734 4919 le
1757 4856 1861 4921 droiot
1882 4864 1915 4921 et
1936 4856 1968 4919 la
1989 4876 2084 4938 repa-

1117 4945 1224 5008 ration
1248 4963 1307 5026 ραι
1326 4963 1408 5007 ιιοιια
1430 4942 1518 5027 regle
1541 4964 1599 5024 ραι
1616 4942 1691 5006 eulx
1704 4949 1788 5006 estre
1810 4941 1914 5019 faiote,
1935 4940 2084 5006 daultant

482 5069 687 5081 --—
1119 5051 1181 5112 que
1209 5030 1267 5094 sila
1301 5030 1458 5094 heussont
1489 5028 1589 5093 vonlu
1617 5026 1802 5093 soubstenir
1824 5027 1856 5092 la
1878 5026 2021 5110 querella
2043 5024 2083 5091 de
2154 5061 2157 5067 ·

1119 5125 1229 5181 vostre
1251 5115 1317 5180 diet
1337 5115 1485 5179 ministre
1506 5133 1631 5178 aoansa
1653 5111 1709 5178 des
1731 5112 1869 5196 parolles
1884 5113 2086 5195 jniurieuses

1120 5200 1414 5279 susmentionnees‚
1444 5220 1483 5282 sy
1505 5199 1661 5266 aulounes
1684 5206 1844 5282 aurovent
1865 5205 1934 5262 este
1955 5216 2015 5279 ραι
2035 5196 2088 5261 le-

199 5308 308 5364 ooeee
323 5323 416 5377 aaa.
455 5307 511 5363 vo.
529 5303 612 5361 xvr.
1844 5298 1880 5354 ao
