4778 5888
278 339 341 401 311
627 380 657 427 a
927 338 942 361 ι
1032 322 1294 391 apramonus
1316 324 1527 388 aaa-2546
2181 320 2279 382 ,ιιι

277 521 460 599 biennium,
491 539 591 603 quum
612 519 679 584 huc
700 518 857 596 venirem,
879 517 1063 601 professum
1085 536 1159 583 esse
1179 524 1255 582 ante
1306 516 1550 584 Franofordiae.
1594 515 1629 580 Is
1656 514 1746 579 enim
1775 512 2025 597 diligentissime
2052 519 2156 576 totum
2176 512 2280 577 ιοιιο-

280 608 451 679 ministros
472 605 626 672 ecclesiae
648 603 745 669 huius
764 603 927 687 oppidi,⁸)
948 602 1026 685 qnid
1048 601 1089 666 de
1109 623 1255 685 unaque
1306 623 1391 681 nem,
1414 606 1467 668 cui
1488 610 1644 687 perpetuo
1661 600 1818 677 interfuit,
1840 598 1976 662 adeum
1998 605 2032 663 et
2052 598 2134 663 alios
2156 599 2280 663 amicos

282 714 345 775 que
364 699 459 775 parte
480 690 647 756 doctrinae
664 689 832 768 sentirem,
854 697 889 755 et
908 689 1076 754 ministros
1098 689 1254 772 probasse
1305 690 1504 837 Remuripsit,
1533 696 1566 752 et
1598 687 1747 751 hortatus
1787 693 1837 750 est
1864 683 1906 748 ad
1934 682 2070 782 aliquid¹
2088 683 2280 783 audendum

267 778 372 842 'illam
404 796 512 842 meam
544 774 783 842 confessionem
814 776 849 839 in
881 795 946 857 qua
972 774 1156 857 persistam.
1201 774 1254 840 Ad
1327 782 1381 838 ata
1402 784 1472 839 tam
1489 772 1628 858 pulchra
1648 772 1824 837 occasione.
1859 769 2019 834 Roseae
2040 769 2120 835 dicrt
2136 791 2172 834 se
2190 781 2280 835 certo

282 864 363 928 haec
393 870 543 928 senatus:
572 861 679 926 Multa
706 860 746 925 ab
765 881 803 925 eo
830 868 977 942 tempore
1005 868 1095 925 mota
1117 881 1196 939 esse,
1220 868 1254 925 et
1305 861 1388 925 scire
1406 881 1489 925 eum
1515 880 1582 924 non
1608 858 1900 925 condemnaturum
1929 866 2075 919 nostram
2104 856 2280 921 confessio

278 956 453 1031 propterea
477 968 547 1012 esse
574 946 849 1028 consultiusque
874 946 1010 1010 tollatur
1031 947 1137 1010 omnis
1160 943 1253 1012 dubi·
1305 966 1392 1023 nem,
1421 947 1478 1011 sed
1501 944 1628 1011 dubitat
1644 965 1687 1009 an
1716 942 1893 1026 aperuerit
1915 939 2119 1024 probaturus.
2156 939 2281 1023 Sperat

280 1035 371 1111 tatio,
394 1033 484 1100 utin
497 1032 636 1116 aliquod*
650 1033 809 1113 seriptum
830 1053 905 1098 oum
922 1032 1003 1115 ipsis
1024 1032 1252 1111 consentirem,
1305 1040 1413 1096 autem
1442 1054 1517 1098 eum
1548 1031 1663 1098 saltem
1695 1029 1892 1110 scripturum
1922 1025 1963 1091 ad
1984 1039 2134 1091 senatum
2155 1035 2195 1090 ut
2216 1048 2279 1092 nos

278 1126 313 1184 et
332 1119 415 1183 mihi
433 1120 600 1202 proposita
615 1118 874 1200 estAugustena
891 1117 1057 1183 confessio.
1091 1118 1181 1197 Dixi,
1198 1138 1253 1182 me
1304 1117 1403 1181 etiam
1421 1118 1616 1184 dissidentes
1637 1115 1730 1181 ferat.
1770 1112 1867 1194 Quod
1889 1115 1917 1177 si
1939 1114 1997 1177 fiat
2019 1113 2101 1176 bene
2123 1133 2219 1195 spere
2238 1111 2280 1177 de

278 1203 412 1287 quidem
441 1204 560 1288 legisse
590 1206 818 1286 Augustanam
840 1203 1083 1279 confessionem,
1107 1202 1251 1268 sednon
1304 1216 1418 1268 nostra
1438 1205 1582 1270 ecclesia.
1615 1201 1701 1267 Nam
1719 1201 1774 1283 qui
1797 1199 1890 1264 nobis
1913 1200 1994 1263 bene
2016 1198 2153 1280 cupiunt
2176 1199 2280 1264 auda-

279 1297 373 1354 tanta
404 1290 582 1354 attentione
615 1298 654 1353 ut
680 1289 792 1353 statim
812 1290 934 1372 possim
956 1288 1101 1372 proferre
1119 1287 1197 1370 quid
1214 1289 1251 1353 in
1303 1290 1373 1353 oius
1399 1311 1435 1355 se
1465 1287 1662 1355 adversariis
1689 1287 1810 1352 nostris
1850 1292 2024 1367 opponent,
2053 1284 2082 1348 si
2112 1284 2194 1366 ipsis
2216 1306 2279 1348 au·

279 1395 318 1441 ea
339 1375 474 1458 probem
492 1383 549 1439 aut
565 1375 761 1456 improbem:
775 1375 962 1440 meminisse
984 1383 1094 1439 tamon
1116 1374 1197 1438 mihi
1215 1375 1251 1438 in
1302 1375 1434 1440 toritate
1458 1375 1605 1455 Phihppi
1628 1373 1690 1437 niti
1711 1372 1816 1437 liceat.

278 1480 318 1525 ea
350 1461 508 1543 quaedam
540 1461 612 1525 visa
639 1460 739 1525 fuisse
772 1459 959 1525 duriuscule
993 1461 1123 1543 scripta.
1174 1460 1250 1525 Non
1367 1459 1479 1537 Quum
1490 1462 1659 1527 nobiscum
1670 1459 1849 1540 loquuntur
1857 1455 2001 1520 ministri
2012 1455 2167 1521 ecelesiae
2177 1454 2281 1522 huius

278 1566 350 1610 esse
379 1555 488 1612 autem
518 1566 658 1628 aequum
691 1566 743 1610 me
772 1548 844 1629 cogi
865 1547 900 1610 in
921 1546 1002 1610 illud
1025 1546 1183 1629 scriptum
1201 1547 1249 1611 iu·
1302 1546 1422 1628 oppidi,
1444 1546 1705 1630 probantomnia
1725 1565 1809 1626 quae
1827 1542 1981 1608 dicimus:
1999 1551 2172 1623 postquam
2195 1563 2278 1607 vero

277 1651 361 1709 rare,
395 1631 481 1714 qnod
512 1632 582 1696 eius
615 1638 712 1695 autor
745 1633 835 1696 visus
863 1633 906 1697 sit
938 1653 1005 1696 non
1031 1634 1079 1696 ita
1100 1632 1248 1713 probare,
1302 1653 1322 1696 a
1350 1631 1443 1696 nobis
1471 1632 1698 1714 discesserunt,
1724 1638 1883 1712 spargunt
1907 1628 2010 1692 multa
2032 1648 2115 1709 quae
2138 1647 2158 1691 ι
2180 1626 2277 1693 nobis

277 1716 365 1782 edita
386 1726 499 1802 postea
509 1716 710 1782 confessione
732 1737 815 1798 quae
836 1714 1076 1782 Saxonioarum
1098 1717 1248 1782 ecclesia·
1301 1738 1361 1782 noo
1381 1718 1469 1784 dieta
1490 1740 1549 1784 nec
1571 1717 1713 1800 cogitata
1734 1717 1874 1780 fuerunt.
1919 1714 2118 1778 Vanitatene
2140 1733 2184 1776 an
2205 1734 2278 1778 ma·

276 1824 352 1867 rum
380 1804 513 1868 nomine
538 1801 673 1868 coneilio
702 1800 895 1868 Tridentino
922 1802 1139 1868 exhiberetur.
1183 1802 1249 1869 Ubi
1300 1801 1372 1868 litia
1398 1804 1458 1869 hoc
1479 1805 1600 1869 faciant
1627 1805 1746 1879 neseio,
1775 1799 1832 1866 sed
1858 1811 1968 1865 tamen
1990 1800 2057 1865 scio
2077 1800 2113 1863 in
2136 1801 2183 1864 eis
2205 1820 2278 1864 non

276 1888 583 1954 animadverterunt
609 1888 752 1954 mohac
780 1889 835 1955 via
856 1889 928 1972 capi
952 1907 1019 1953 non
1042 1901 1248 1970 possemne
1301 1909 1372 1954 esse
1389 1898 1517 1954 tantum
1540 1889 1649 1954 iudicii
1668 1897 1707 1951 ut
1718 1885 1905 1970 intelligant
1922 1885 1993 1967 quis
2015 1885 2059 1950 sit
2081 1894 2190 1951 status
2201 1905 2279 1950 con·

207 2022 210 2028 .
275 1993 344 2039 non
383 1974 523 2059 amplius
554 1973 760 2040 dissimulata
787 1995 888 2041 causa
917 1975 958 2040 ob
986 1994 1085 2056 quum
1113 1983 1248 2040 vocatus
1301 1975 1488 2052 troversiae‚
1511 1987 1544 2039 et
1566 1982 1727 2058 quantum
1744 1973 1891 2048 coniicio,
1914 1972 2042 2036 etiamsi
2064 1971 2129 2035 illie
2147 1971 2183 2034 in
2204 1991 2279 2034 om·

275 2079 367 2124 eram
398 2061 646 2144 interrogarunt
677 2079 721 2123 an
748 2079 808 2143 ego
826 2080 902 2125 eum
923 2066 1036 2125 nostra
1057 2060 1193 2125 eeclesia
1212 2060 1248 2124 in
1300 2061 1397 2125 nibus
1429 2063 1684 2136 assentiremur,
1723 2059 1936 2123 nihilominus
1974 2066 2085 2121 tamen
2124 2077 2144 2121 a
2179 2056 2279 2121 nobis

275 2145 461 2227 opinionem
485 2166 597 2210 eorum
625 2143 665 2209 de
697 2165 798 2210 coena
819 2144 956 2210 Domini
977 2146 1161 2211 consentire
1181 2145 1250 2212 rel·
1302 2146 1474 2211 dissentire
1514 2147 1646 2212 vellent.
1698 2144 1787 2224 Quid
1824 2145 1926 2208 facias
1955 2143 2028 2208 istis
2061 2142 2276 2208 hominibus?

273 2229 354 2295 lem:
372 2231 457 2314 quod
479 2231 508 2296 si
528 2230 661 2310 nollem,
683 2229 773 2294 aliud
790 2230 968 2314 hospitium
988 2230 1071 2295 mihi
1093 2241 1127 2295 et
1147 2231 1249 2296 ercle·
1302 2229 1392 2311 Quas
1426 2232 1646 2316 blasphemias
1678 2230 1936 2295 reformidabant
1968 2230 2122 2310 proferre,
2145 2229 2214 2310 qui,
2239 2239 2280 2292 ut

273 2316 342 2381 siae
365 2333 564 2400 quaererem.
609 2317 702 2380 Tune
721 2315 898 2398 praefatus,
920 2317 1004 2381 mihi
1025 2337 1096 2382 esse
1118 2327 1249 2400 gratum
1301 2338 1362 2381 sna
1388 2317 1502 2382 deliria
1524 2327 1558 2383 et
1579 2339 1672 2384 suam
1690 2315 1848 2382 insulsam
1870 2316 2085 2396 ubiquitatem
2108 2325 2279 2391 tueantur,

273 2401 360 2484 quod
381 2403 416 2467 in
433 2409 501 2466 tam
524 2400 644 2467 celebri
664 2401 733 2466 loco
752 2402 885 2467 daretur
905 2401 1151 2468 occasioDeum
1173 2421 1248 2467 nos·
1301 2402 1415 2466 dicunt
1436 2424 1552 2486 corpus
1570 2402 1696 2469 Christi
1713 2402 1812 2466 fuisse
1834 2399 1962 2482 ubique,
1979 2400 2078 2464 etiam
2097 2412 2279 2481 antequam

273 2495 327 2551 tra
349 2487 552 2553 confessione
575 2486 786 2570 glorificandi,
808 2487 929 2570 protuli
951 2507 1094 2570 eaquae
1116 2488 1184 2553 iam
1207 2486 1248 2552 ad
1300 2496 1489 2553 nasceretur
1511 2511 1553 2554 ex
1574 2490 1702 2573 virgine
1724 2486 1853 2552 Maria?
1897 2484 1986 2566 Quid
2008 2507 2074 2550 non
2096 2484 2196 2549 audet
2219 2486 2279 2549 ad·

272 2580 307 2637 te
334 2572 430 2638 mitto
458 2572 498 2637 de
524 2574 631 2637 causis
658 2572 826 2638 effectibus
854 2571 1015 2657 dignitate
1036 2585 1070 2638 et
1091 2595 1154 2639 usu
1177 2594 1248 2638 ooe-
1300 2595 1416 2640 versus
1435 2575 1545 2639 Deum
1568 2596 1662 2640 mens
1690 2575 1845 2651 humana,
1866 2571 1997 2654 quando
2014 2572 2085 2636 eius
2107 2573 2194 2637 acies
2212 2571 2280 2635 ful·

273 2677 337 2722 nae
364 2657 545 2724 dominicae
567 2679 605 2723 ιο
621 2659 808 2741 pressanda
830 2661 973 2741 corporis
995 2658 1122 2726 Christi
1143 2661 1179 2723 in
1201 2680 1249 2724 ea.
1300 2680 1379 2742 gore
1411 2661 1560 2726 veritatis
1593 2657 1848 2743 perstringitur?
1901 2656 2012 2738 Quum
2045 2665 2122 2722 ante
2152 2657 2280 2740 aliquot

273 2742 350 2808 Non
371 2743 419 2807 ita
439 2743 537 2809 multi
558 2765 601 2809 ex
622 2743 688 2808 illis
700 2743 764 2810 visi
785 2753 863 2810 sunt
873 2744 1057 2829 intelligere
1079 2745 1157 2827 quid
1172 2765 1248 2810 sen·
1301 2744 1371 2810 dies
1403 2746 1510 2812 vicino
1549 2745 1667 2830 oppido
1704 2744 1912 2809 decumberet
1943 2745 2080 2808 honesta
2113 2755 2280 2821 matrona,

274 2828 382 2906 tirum,
416 2836 450 2894 et
471 2835 557 2908 (meo
588 2827 720 2911 iudioio)
755 2829 899 2895 ministri
926 2831 1062 2896 minime
1092 2830 1249 2895 omnium.
1300 2832 1437 2896 accessit
1458 2832 1499 2896 ed
1517 2852 1591 2897 eam
1612 2832 1764 2897 minister
1784 2828 2038 2894 deliramentum
2056 2827 2278 2906 exhibiturus,

274 2913 361 2978 Nam
390 2936 492 2997 quum
521 2914 654 2980 dimisso
682 2925 800 2981 senatu
827 2922 931 2981 totam
952 2938 1023 2981 rem
1046 2916 1249 2998 apertissime
1299 2926 1333 2981 et
1364 2938 1437 2981 eam
1469 2917 1688 3002 interrogavit
1720 2938 1763 2981 an
1797 2914 1943 2981 crederet
1971 2916 2007 2979 in
2040 2935 2125 2998 pane
2144 2924 2178 2979 et
2195 2916 2278 2980 vino

275 3000 323 3065 eis
345 2999 554 3082 explicarem,
566 3000 722 3066 dixerunt
743 3022 778 3066 se
800 3000 971 3068 nobiscum
987 3001 1120 3068 sentire.
1151 3000 1249 3082 Quod
1300 3023 1418 3069 verum
1448 3025 1566 3086 corpus
1596 3002 1722 3069 curisti
1752 3000 1850 3067 esse?
1895 3001 2038 3084 Negavit
2066 3000 2123 3065 illa
2145 3021 2181 3065 se
2204 3022 2279 3065 ere-

274 3085 342 3150 suio
362 3107 567 3169 nequaquam
589 3107 660 3152 esse
681 3107 807 3152 verum.
875 3089 889 3170 ,ς
1301 3087 1387 3154 dere.
1431 3088 1566 3154 Mortua
1591 3090 1684 3155 iussu
1712 3087 1855 3152 ministri
1878 3095 1984 3151 ιιιοιι
2011 3096 2061 3152 est
2079 3086 2120 3151 ad
2145 3087 2280 3169 patibu-

361 3171 509 3237 Tandem
529 3193 629 3254 quum
651 3179 786 3238 senatus
798 3172 974 3239 difficulter
996 3192 1032 3238 se
1053 3195 1094 3238 ex
1117 3173 1248 3238 hocne·
1300 3174 1371 3239 lum
1402 3183 1436 3239 et
1458 3173 1503 3239 ibi
1521 3175 1660 3257 sepulta.
1706 3174 1788 3238 Tam
1810 3173 1936 3238 rabioso
1957 3181 1991 3237 et
2012 3173 2160 3237 furenter
2181 3194 2279 3256 gras·

273 3256 364 3407 {otio
396 3257 557 3322 extricare
589 3265 709 3340 posset,
742 3279 780 3323 eo
813 3258 993 3325 deventum
1021 3267 1071 3323 est
1094 3259 1182 3324 utin
1205 3261 1246 3324 D.
1300 3267 1393 3331 eatur
1419 3259 1568 3326 diabolus
1591 3262 1627 3324 in
1659 3258 1812 3325 cordibus
1834 3279 1948 3323 eorum
1969 3259 2025 3340 qui
2047 3259 2279 3325 mansuetudi-

305 3342 466 3426 hilippum
498 3341 706 3409 Melantouam
738 3345 1084 3427 compromitteremus.
1137 3343 1249 3425 Quare
1300 3346 1353 3410 nis
1370 3346 1556 3429 exemplum
1574 3346 1647 3412 aliis
1665 3346 1820 3429 praebere
1834 3344 1963 3410 debent.
1998 3345 2072 3409 Non
2085 3355 2196 3428 potest
2214 3348 2279 3413 dici

274 3427 431 3494 mandato
461 3435 594 3494 senatus
620 3428 732 3494 literas
760 3438 914 3512 (quarum
942 3431 1129 3515 exemplum
1152 3431 1195 3495 ad
1216 3439 1249 3495 te
1300 3434 1430 3514 quantis
1454 3433 1627 3498 calumniis
1655 3453 1714 3497 nos
1737 3440 1882 3508 onerent,
1906 3440 1940 3494 et
1962 3440 2085 3514 quanto
2104 3433 2180 3498 odio
2203 3455 2279 3517 pro-

276 3512 388 3598 mitto)
411 3514 443 3579 ei
463 3514 589 3596 scripsi.
625 3515 812 3581 Necessitas
834 3516 941 3600 coegit
961 3516 1022 3584 hoo
1043 3537 1104 3582 nos
1125 3517 1247 3583 facere:
1300 3528 1488 3600 sequantur,
1507 3539 1548 3583 ex
1570 3518 1662 3583 nulla
1683 3517 1748 3582 alia
1769 3537 1867 3582 eausa
1884 3517 2079 3600 quamquod
2101 3520 2205 3584 semel
2228 3524 2279 3585 in-

276 3599 345 3666 iam
377 3600 464 3663 enim
496 3599 564 3664 lata
591 3607 663 3665 erat
682 3600 720 3664 in
740 3620 800 3666 nos
821 3603 985 3668 sententia
1005 3603 1120 3669 exsilii.
1161 3601 1248 3669 (lon-
1300 3602 1386 3668 iuste
1414 3602 1520 3670 odisse
1547 3616 1733 3688 coeperunt,
1762 3602 1849 3685 quod
1881 3624 1985 3687 genus
2014 3603 2080 3668 odii
2098 3605 2182 3670 solet
2205 3627 2279 3673 esse

276 3685 422 3750 firmarit
441 3704 496 3749 me
516 3685 658 3749 multum
677 3695 734 3750 tua
752 3688 918 3753 autentas.
960 3687 1046 3753 Nam
1068 3689 1105 3752 in
1126 3688 1248 3771 scripto
1300 3689 1554 3756 acerbissimum.

277 3768 434 3836 adversus
463 3769 677 3851 Wcstpbulam
698 3770 821 3838 videris
842 3773 915 3838 eius
932 3773 1104 3839 arbitrium
1127 3774 1164 3837 in
1185 3773 1248 3839 hae
1386 3774 1478 3842 Haeo
1507 3776 1549 3841 ed
1581 3785 1614 3841 te
1644 3775 1758 3858 scripsi
1777 3780 1846 3840 tum
1869 3783 1905 3840 ut
1927 3774 2095 3841 nobiscum
2118 3775 2279 3844 ecclesiae

277 3877 314 3921 re
341 3876 408 3921 non
430 3855 583 3921 abnuere,
627 3857 730 3921 Auli
758 3859 981 3941 approbarunt
1002 3869 1149 3925 nostram
1171 3879 1249 3924 con·
1300 3860 1496 3926 calamitatis
1528 3860 1688 3938 indolens,
1729 3871 1800 3925 tum
1833 3871 1870 3926 ut
1897 3881 1958 3926 nos
1988 3870 2044 3927 tuo
2076 3862 2216 3927 oonsilio
2246 3873 2279 3928 et

275 3942 450 4007 sessionem
461 3949 494 4007 et
509 3939 604 4007 avide
616 3942 659 4007 D.
674 3877 819 4028 lgbilippi
834 3964 1029 4028 responsum
1047 3952 1247 4028 exspectant
1300 3945 1451 4027 precibus
1482 3946 1577 4012 iures
1608 3956 1643 4011 et
1663 3947 1848 4012 consoleris.
1893 3947 1962 4012 Nos
1990 3947 2102 4012 literas
2128 3948 2280 4032 Philippi

173 4030 179 4041 ‘
277 4027 386 4093 Aliter
414 4026 455 4093 ad
484 4048 561 4092 eum
577 4027 797 4110 scripsissem,
819 4028 848 4095 si
869 4031 998 4096 senatui
1020 4051 1087 4095 non
1109 4031 1249 4096 fuissent
1301 4051 1339 4096 eo
1372 4032 1481 4096 animo
1521 4044 1749 4114 exspectamus
1762 4035 1790 4111 ὁ)
1834 4046 1887 4111 ut,
1921 4034 1949 4098 si
1982 4053 2042 4098 nos
2068 4035 2280 4113 condemnet,

277 4111 496 4179 ostendendae
516 4112 640 4178 literae.
677 4112 800 4180 Verum
822 4114 883 4180 hoo
904 4117 1068 4199 praestitit
1078 4116 1249 4181 Hubertus
1301 4117 1401 4198 (quod
1423 4118 1615 4183 confidimus
1639 4137 1714 4181 eum
1736 4139 1803 4183 non
1824 4119 2002 4192 factunm)
2024 4120 2094 4184 eius
2115 4119 2279 4187 iudicium

280 4198 513 4282 maguam)
542 4198 598 4281 qui
626 4200 764 4266 veniens
792 4201 1006 4286 Vitemberga
1032 4211 1065 4266 te
1091 4201 1249 4268 salutarit
1300 4202 1399 4266 etiam
1421 4205 1543 4268 centies
1564 4203 1743 4287 expetitum
1761 4203 1954 4270 reiiciamus.
1987 4204 2126 4269 Interim
2149 4216 2280 4289 tempo-

1301 4288 1348 4352 ris
1375 4309 1477 4353 usura
1498 4288 1639 4353 fruimur
1660 4298 1694 4355 οι
1716 4288 1755 4354 de
1777 4289 1949 4374 migrando
1971 4290 2078 4356 exsilii
2095 4291 2166 4357 loco
2187 4314 2228 4358 co
2254 4295 2280 4343 '-

1300 4381 1409 4437 tamus
1430 4374 1553 4456 siquid
1576 4374 1808 4457 nobispraeter
1829 4376 2014 4458 opinionem
2032 4376 2166 4442 accidat.
2242 4402 2280 4443 a·

380 4486 411 4547 3)
429 4487 591 4543 Plateam
608 4495 634 4543 et
651 4490 744 4544 Hm,
769 4488 853 4559 sm,
871 4492 920 4559 qm·
936 4489 1158 4545 “pompm
1175 4505 1248 4545 am.
1300 4457 1403 4524 bertas
1421 4459 1498 4526 hino
1513 4459 1681 4527 discedens
1698 4461 1793 4544 petiit
1813 4464 1851 4526 rit
1872 4471 1905 4526 te
1922 4470 2113 4528 reverenter
2136 4485 2200 4529 sno
2219 4486 2280 4531 no·

276 4545 364 4609 um
380 4562 447 4610 erut.
478 4555 629 4621 (Wolters.)
1301 4545 1388 4609 mine
1421 4544 1605 4612 salutarem.
1648 4545 1741 4612 Idem
1774 4549 1864 4631 cupit
1893 4557 1962 4614 tota
1981 4547 2063 4613 haec
2084 4558 2206 4616 nostra
2227 4573 2281 4617 eo-

382 4623 412 4688 4)
442 4623 491 4678 Vir
507 4627 593 4680 nebda
605 4642 702 4695 paam
721 4633 807 4681 nctus
823 4629 854 4682 ia
872 4627 1040 4696 Burgundio
1056 4644 1082 4681 α.
1100 4625 1176 4693 1518,
1192 4633 1249 4680 rta-

277 4691 334 4746 da'is
355 4706 468 4760 operum
493 4692 604 4748 dedam
628 4695 748 4750 Ριοιιοιι
769 4697 885 4763 IApas‘uc
908 4703 933 4751 et
952 4697 1072 4753 Patavii.
1108 4695 1177 4749 abac
1197 4693 1248 4749 Oo-
1492 4721 1502 4726 -

277 4766 397 4814 mario
405 4767 431 4814 et
440 4759 644 4818 Melanchlaenas·
658 4765 809 4829 familiaris
821 4766 947 4834 (ideoque
962 4766 1128 4833 Vileberpaor
1139 4765 1249 4818 domm-

278 4830 344 4882 lr'am
360 4829 517 4909 sssbf'elepit)
536 4831 622 4886 alteru
637 4840 759 4913 asporta
769 4833 904 4912 Mamaeae
921 4840 945 4888 ct
960 4833 1073 4888 lacuna
1081 4835 1248 4888 mniaactua
1299 4840 1363 4887 sunt
1391 4837 1594 4905 peregrinarum
1629 4841 1802 4893 ecclesiarum
1831 4839 1905 4892 docti
1931 4839 2060 4893 homines.
2103 4840 2146 4892 Ex
2173 4843 2280 4911 Angli·

280 4896 378 4951 Multae
395 4898 539 4952 amadus
556 4907 581 4981 qt
597 4907 706 4979 scraptae
724 4902 845 4969 epistolae
861 4905 932 4956 inter
948 4910 1106 4957 comtanaos
1122 4904 1248 4970 ιιιιιφιιο,
1299 4911 1409 4969 praesto
1427 4907 1536 4959 fuerunt
1552 4907 1584 4959 D.
1603 4908 1764 4973 Trehernus,
1775 4907 1928 4974 wilfordus,
1945 4909 2008 4961 Bois
2026 4917 2055 4961 et
2072 4911 2128 4973 alii,
2145 4927 2183 4962 ex
2260 4913 2281 4951 '-

277 4981 355 5046 nunc
369 4982 473 5088 pacare
489 4966 669 5091 οῶιιιιοῖιιαο
686 4986 745 5024 carr
764 4972 797 5025 cb
813 4987 925 5052 causum
941 4973 1104 5093 frequenta&
1111 4984 1250 5092 ειοιῙοὲἔΙι,
1299 4988 1367 5024 esna
1384 4989 1449 5027 vero
1460 4976 1573 5057 ecelesia
1587 4977 1684 5030 Petrus
1694 4977 1852 5040 (laudensis,
1871 4977 1936 5031 Adr.
1947 4976 2093 5046 Trsselius,
2110 4978 2185 5032 Hnb.
2232 4998 2279 5034 rn-

277 5049 455 5156 maxeria
467 5046 851 5173 τοιονιροιῗαῦιῗῗααῗῦἕζῗῗ
859 5040 1208 5174 fgmragamogmw
1225 5079 1247 5161 l:
1299 5047 1441 5179 gnomis?
1457 5045 1612 5181 iiiipoauu
1636 5114 1678 5170 13.
1696 5122 1721 5168 et
1747 5114 1787 5169 18.
1806 5114 1880 5171 Neo,
1898 5115 2008 5168 asamar*
2024 5116 2220 5170 commordeas
2235 5118 2278 5171 bc

276 5169 330 5225 272
356 5177 381 5251 at
402 5176 516 5240 poesim.
551 5174 600 5228 Ha
663 5175 706 5229 Vl.
732 5174 792 5228 264.
827 5175 902 5231 Ocea
927 5183 992 5232 tanc
1023 5177 1146 5232 Vescitur
1161 5178 1249 5242 tabae
1298 5180 1458 5247 niquitatem
1482 5191 1508 5236 ct
1530 5182 1762 5239 momordissent
1788 5199 1854 5252 ergo
1876 5185 2038 5252 peregrinos
2062 5184 2125 5238 etde
2146 5187 2278 5253 prm

275 5245 379 5294 assem
414 5240 527 5298 Wolters
549 5243 613 5311 pl
650 5284 655 5295 .
691 5244 861 5299 Persaecllus
887 5260 950 5327 acro
979 5248 1029 5301 ll.
1047 5245 1113 5300 283.-
1148 5246 1246 5302 Vocati
1297 5248 1328 5300 in
1345 5255 1399 5303 not.
