<?xml version="1.0" encoding="UTF-8"?>
<!DOCTYPE html PUBLIC "-//W3C//DTD XHTML 1.0 Transitional//EN"
    "http://www.w3.org/TR/xhtml1/DTD/xhtml1-transitional.dtd">
<html xmlns="http://www.w3.org/1999/xhtml" xml:lang="en" lang="en">
 <head>
  <title>
</title>
<meta http-equiv="Content-Type" content="text/html;charset=utf-8" />
  <meta name='ocr-system' content='tesseract 3.04.00' />
  <meta name='ocr-capabilities' content='ocr_page ocr_carea ocr_par ocr_line ocrx_word'/>
</head>
<body>
  <div class='ocr_page' id='page_1' title='image "./ioanniscalvinio00reusgoog_0067.png"; bbox 0 0 4754 5880; ppageno 0'>
   <div class='ocr_carea' id='block_1_1' title="bbox 1029 308 2278 377">
    <p class='ocr_par' dir='ltr' id='par_1_1' title="bbox 1029 308 2278 377">
     <span class='ocr_line' id='line_1_1' title="bbox 1029 308 2278 377; baseline -0.001 -1"><span class='ocrx_word' id='word_1_1' title='bbox 1029 308 1291 377; x_wconf 64' lang='lat' dir='ltr'>EPISTOLAE</span> <span class='ocrx_word' id='word_1_2' title='bbox 1313 312 1430 375; x_wconf 79' lang='lat'><strong>2430-</strong></span> <span class='ocrx_word' id='word_1_3' title='bbox 1442 315 1526 376; x_wconf 78' lang='lat'><strong>2433</strong></span> <span class='ocrx_word' id='word_1_4' title='bbox 2220 313 2278 375; x_wconf 86' lang='grc'>108</span> 
     </span>
    </p>
   </div>
   <div class='ocr_carea' id='block_1_2' title="bbox 287 319 2279 1436">
    <p class='ocr_par' dir='ltr' id='par_1_2' title="bbox 287 319 2279 1436">
     <span class='ocr_line' id='line_1_2' title="bbox 289 319 348 382; baseline -0.034 -1"><span class='ocrx_word' id='word_1_5' title='bbox 289 319 348 382; x_wconf 83' lang='grc'>101</span> 
     </span>
     <span class='ocr_line' id='line_1_3' title="bbox 287 496 2277 586; baseline -0.004 -17"><span class='ocrx_word' id='word_1_6' title='bbox 287 524 405 586; x_wconf 80' lang='lat' dir='ltr'>nempe</span> <span class='ocrx_word' id='word_1_7' title='bbox 437 512 474 567; x_wconf 90' lang='grc' dir='ltr'>ιιι</span> <span class='ocrx_word' id='word_1_8' title='bbox 504 503 564 567; x_wconf 90' lang='lat' dir='ltr'>Dei</span> <span class='ocrx_word' id='word_1_9' title='bbox 587 522 767 566; x_wconf 86' lang='lat' dir='ltr'>sermonem</span> <span class='ocrx_word' id='word_1_10' title='bbox 791 498 963 565; x_wconf 66' lang='lat' dir='ltr'>ousmffiae,</span> <span class='ocrx_word' id='word_1_11' title='bbox 1003 496 1155 578; x_wconf 77' lang='lat' dir='ltr'>Quantus</span> <span class='ocrx_word' id='word_1_12' title='bbox 1177 517 1255 562; x_wconf 88' lang='lat' dir='ltr'>vero</span> <span class='ocrx_word' id='word_1_13' title='bbox 1392 496 1503 578; x_wconf 77' lang='lat' dir='ltr'>Quum</span> <span class='ocrx_word' id='word_1_14' title='bbox 1533 499 1616 563; x_wconf 90' lang='lat' dir='ltr'>nihil</span> <span class='ocrx_word' id='word_1_15' title='bbox 1650 501 1731 565; x_wconf 88' lang='lat' dir='ltr'>certi</span> <span class='ocrx_word' id='word_1_16' title='bbox 1761 521 1780 563; x_wconf 94' lang='lat' dir='ltr'>a</span> <span class='ocrx_word' id='word_1_17' title='bbox 1816 500 1906 581; x_wconf 80' lang='lat' dir='ltr'>Rege</span> <span class='ocrx_word' id='word_1_18' title='bbox 1937 497 2059 581; x_wconf 90' lang='lat' dir='ltr'>possim</span> <span class='ocrx_word' id='word_1_19' title='bbox 2088 496 2240 575; x_wconf 89' lang='lat' dir='ltr'>scribere,</span> <span class='ocrx_word' id='word_1_20' title='bbox 2252 503 2277 574; x_wconf 90' lang='lat'>¹)</span> 
     </span>
     <span class='ocr_line' id='line_1_4' title="bbox 288 583 2277 671; baseline -0.003 -17"><span class='ocrx_word' id='word_1_21' title='bbox 288 589 447 655; x_wconf 88' lang='lat' dir='ltr'>scelerum</span> <span class='ocrx_word' id='word_1_22' title='bbox 478 586 689 671; x_wconf 79' lang='lat' dir='ltr'><strong>labyrinthus</strong></span> <span class='ocrx_word' id='word_1_23' title='bbox 719 583 815 649; x_wconf 91' lang='lat' dir='ltr'>hodie</span> <span class='ocrx_word' id='word_1_24' title='bbox 849 583 1009 648; x_wconf 91' lang='lat' dir='ltr'>mundum</span> <span class='ocrx_word' id='word_1_25' title='bbox 1044 584 1199 659; x_wconf 87' lang='lat' dir='ltr'>involvat,</span> <span class='ocrx_word' id='word_1_26' title='bbox 1223 591 1256 647; x_wconf 89' lang='lat' dir='ltr'>et</span> <span class='ocrx_word' id='word_1_27' title='bbox 1307 584 1358 648; x_wconf 87' lang='lat' dir='ltr'>vir</span> <span class='ocrx_word' id='word_1_28' title='bbox 1385 583 1450 647; x_wconf 92' lang='lat' dir='ltr'>Dei</span> <span class='ocrx_word' id='word_1_29' title='bbox 1472 585 1552 649; x_wconf 91' lang='lat' dir='ltr'>mihi</span> <span class='ocrx_word' id='word_1_30' title='bbox 1582 606 1711 668; x_wconf 88' lang='lat' dir='ltr'>semper</span> <span class='ocrx_word' id='word_1_31' title='bbox 1733 584 1902 649; x_wconf 86' lang='lat' dir='ltr'>carissime</span> <span class='ocrx_word' id='word_1_32' title='bbox 1924 597 1955 647; x_wconf 86' lang='lat' dir='ltr'>et</span> <span class='ocrx_word' id='word_1_33' title='bbox 1974 583 2277 661; x_wconf 76' lang='lat' dir='ltr'>observandissime,</span> 
     </span>
     <span class='ocr_line' id='line_1_5' title="bbox 287 668 2278 757; baseline -0.002 -18"><span class='ocrx_word' id='word_1_34' title='bbox 287 683 410 757; x_wconf 89' lang='lat' dir='ltr'>quanta</span> <span class='ocrx_word' id='word_1_35' title='bbox 439 673 614 755; x_wconf 88' lang='lat' dir='ltr'>impietatis</span> <span class='ocrx_word' id='word_1_36' title='bbox 641 671 796 736; x_wconf 88' lang='lat' dir='ltr'>colluvies</span> <span class='ocrx_word' id='word_1_37' title='bbox 826 670 945 752; x_wconf 88' lang='lat' dir='ltr'>ubique</span> <span class='ocrx_word' id='word_1_38' title='bbox 972 669 1123 745; x_wconf 82' lang='lat' dir='ltr'>exundet,</span> <span class='ocrx_word' id='word_1_39' title='bbox 1147 668 1256 733; x_wconf 88' lang='lat' dir='ltr'>verbis</span> <span class='ocrx_word' id='word_1_40' title='bbox 1307 690 1373 734; x_wconf 92' lang='lat' dir='ltr'>non</span> <span class='ocrx_word' id='word_1_41' title='bbox 1390 679 1461 734; x_wconf 88' lang='lat' dir='ltr'>erat</span> <span class='ocrx_word' id='word_1_42' title='bbox 1483 671 1614 736; x_wconf 87' lang='lat' dir='ltr'>animus</span> <span class='ocrx_word' id='word_1_43' title='bbox 1632 670 1673 735; x_wconf 90' lang='lat' dir='ltr'>ad</span> <span class='ocrx_word' id='word_1_44' title='bbox 1695 682 1728 735; x_wconf 91' lang='lat' dir='ltr'>te</span> <span class='ocrx_word' id='word_1_45' title='bbox 1746 670 1857 735; x_wconf 85' lang='lat' dir='ltr'>literas</span> <span class='ocrx_word' id='word_1_46' title='bbox 1879 690 2000 736; x_wconf 87' lang='lat' dir='ltr'>vacuas</span> <span class='ocrx_word' id='word_1_47' title='bbox 2021 670 2161 747; x_wconf 85' lang='lat' dir='ltr'>mittere,</span> <span class='ocrx_word' id='word_1_48' title='bbox 2184 689 2225 733; x_wconf 92' lang='lat' dir='ltr'>ne</span> <span class='ocrx_word' id='word_1_49' title='bbox 2247 677 2278 735; x_wconf 82' lang='lat' dir='ltr'>te</span> 
     </span>
     <span class='ocr_line' id='line_1_6' title="bbox 288 753 2277 844; baseline -0.003 -19"><span class='ocrx_word' id='word_1_50' title='bbox 288 761 451 844; x_wconf 87' lang='lat' dir='ltr'>explicare</span> <span class='ocrx_word' id='word_1_51' title='bbox 468 758 550 823; x_wconf 90' lang='lat' dir='ltr'>nihil</span> <span class='ocrx_word' id='word_1_52' title='bbox 572 758 698 823; x_wconf 88' lang='lat' dir='ltr'>attinet.</span> <span class='ocrx_word' id='word_1_53' title='bbox 745 757 791 819; x_wconf 82' lang='lat' dir='ltr'>&#39;Pe</span> <span class='ocrx_word' id='word_1_54' title='bbox 814 776 890 819; x_wconf 91' lang='lat' dir='ltr'>vero</span> <span class='ocrx_word' id='word_1_55' title='bbox 913 776 955 818; x_wconf 90' lang='lat' dir='ltr'>ne</span> <span class='ocrx_word' id='word_1_56' title='bbox 976 754 1067 820; x_wconf 85' lang='lat' dir='ltr'>falsis</span> <span class='ocrx_word' id='word_1_57' title='bbox 1089 753 1256 820; x_wconf 81' lang='lat' dir='ltr'>blanditiis</span> <span class='ocrx_word' id='word_1_58' title='bbox 1308 774 1406 818; x_wconf 91' lang='lat' dir='ltr'>onere</span> <span class='ocrx_word' id='word_1_59' title='bbox 1417 756 1616 821; x_wconf 87' lang='lat' dir='ltr'>rescribendi</span> <span class='ocrx_word' id='word_1_60' title='bbox 1638 777 1821 840; x_wconf 80' lang='lat' dir='ltr'>gravarem,</span> <span class='ocrx_word' id='word_1_61' title='bbox 1844 753 1902 820; x_wconf 91' lang='lat' dir='ltr'>sed</span> <span class='ocrx_word' id='word_1_62' title='bbox 1923 775 2047 832; x_wconf 88' lang='lat' dir='ltr'>rursus,</span> <span class='ocrx_word' id='word_1_63' title='bbox 2071 776 2112 819; x_wconf 93' lang='lat' dir='ltr'>ne</span> <span class='ocrx_word' id='word_1_64' title='bbox 2134 755 2197 820; x_wconf 88' lang='lat' dir='ltr'>hoc</span> <span class='ocrx_word' id='word_1_65' title='bbox 2208 776 2277 820; x_wconf 91' lang='lat' dir='ltr'>meo</span> 
     </span>
     <span class='ocr_line' id='line_1_7' title="bbox 289 838 2279 923; baseline -0.002 -14"><span class='ocrx_word' id='word_1_66' title='bbox 289 845 434 909; x_wconf 90' lang='lat' dir='ltr'>mundns</span> <span class='ocrx_word' id='word_1_67' title='bbox 456 843 597 920; x_wconf 88' lang='lat' dir='ltr'>deliniat,</span> <span class='ocrx_word' id='word_1_68' title='bbox 616 864 682 906; x_wconf 93' lang='lat' dir='ltr'>non</span> <span class='ocrx_word' id='word_1_69' title='bbox 705 842 826 906; x_wconf 84' lang='lat' dir='ltr'>frustra</span> <span class='ocrx_word' id='word_1_70' title='bbox 848 853 966 905; x_wconf 89' lang='lat' dir='ltr'>metuo.</span> <span class='ocrx_word' id='word_1_71' title='bbox 1010 841 1097 906; x_wconf 92' lang='lat' dir='ltr'>Nam</span> <span class='ocrx_word' id='word_1_72' title='bbox 1120 849 1158 904; x_wconf 89' lang='lat' dir='ltr'>ut</span> <span class='ocrx_word' id='word_1_73' title='bbox 1179 838 1255 903; x_wconf 87' lang='lat' dir='ltr'>reli·</span> <span class='ocrx_word' id='word_1_74' title='bbox 1308 840 1438 905; x_wconf 90' lang='lat' dir='ltr'>silentio</span> <span class='ocrx_word' id='word_1_75' title='bbox 1467 840 1676 921; x_wconf 84' lang='lat' dir='ltr'>offenderem,</span> <span class='ocrx_word' id='word_1_76' title='bbox 1705 842 1806 906; x_wconf 88' lang='lat' dir='ltr'>malui</span> <span class='ocrx_word' id='word_1_77' title='bbox 1829 841 1890 906; x_wconf 90' lang='lat' dir='ltr'>hoc</span> <span class='ocrx_word' id='word_1_78' title='bbox 1912 840 2061 923; x_wconf 87' lang='lat' dir='ltr'>epistolio</span> <span class='ocrx_word' id='word_1_79' title='bbox 2082 839 2229 906; x_wconf 85' lang='lat' dir='ltr'>laconico</span> <span class='ocrx_word' id='word_1_80' title='bbox 2251 850 2279 905; x_wconf 87' lang='lat' dir='ltr'>te</span> 
     </span>
     <span class='ocr_line' id='line_1_8' title="bbox 289 924 2279 1014; baseline -0.003 -19"><span class='ocrx_word' id='word_1_81' title='bbox 289 941 506 1014; x_wconf 69' lang='lat' dir='ltr'>quatrionem,</span> <span class='ocrx_word' id='word_1_82' title='bbox 529 929 701 1010; x_wconf 88' lang='lat' dir='ltr'>mepatris</span> <span class='ocrx_word' id='word_1_83' title='bbox 723 929 772 990; x_wconf 92' lang='lat' dir='ltr'>tui</span> <span class='ocrx_word' id='word_1_84' title='bbox 794 926 978 1008; x_wconf 91' lang='lat' dir='ltr'>exemplum</span> <span class='ocrx_word' id='word_1_85' title='bbox 1002 926 1100 991; x_wconf 89' lang='lat' dir='ltr'>huius</span> <span class='ocrx_word' id='word_1_86' title='bbox 1122 924 1256 1007; x_wconf 90' lang='lat' dir='ltr'>periculi</span> <span class='ocrx_word' id='word_1_87' title='bbox 1307 926 1450 990; x_wconf 75' lang='lat' dir='ltr'>salutme</span> <span class='ocrx_word' id='word_1_88' title='bbox 1473 948 1569 1008; x_wconf 91' lang='lat' dir='ltr'>quam</span> <span class='ocrx_word' id='word_1_89' title='bbox 1601 948 1659 1009; x_wconf 88' lang='lat' dir='ltr'>per</span> <span class='ocrx_word' id='word_1_90' title='bbox 1681 927 1769 992; x_wconf 91' lang='lat' dir='ltr'>alios.</span> <span class='ocrx_word' id='word_1_91' title='bbox 1814 927 1867 991; x_wconf 80' lang='lat' dir='ltr'>Ex</span> <span class='ocrx_word' id='word_1_92' title='bbox 1889 926 2019 1008; x_wconf 87' lang='lat' dir='ltr'>scriptis</span> <span class='ocrx_word' id='word_1_93' title='bbox 2037 945 2121 1008; x_wconf 88' lang='lat' dir='ltr'>quae</span> <span class='ocrx_word' id='word_1_94' title='bbox 2137 925 2190 991; x_wconf 85' lang='lat' dir='ltr'>hie</span> <span class='ocrx_word' id='word_1_95' title='bbox 2212 925 2279 990; x_wconf 91' lang='lat' dir='ltr'>alli·</span> 
     </span>
     <span class='ocr_line' id='line_1_9' title="bbox 288 1010 2278 1099; baseline -0.002 -19"><span class='ocrx_word' id='word_1_96' title='bbox 288 1016 363 1099; x_wconf 93' lang='lat' dir='ltr'>plus</span> <span class='ocrx_word' id='word_1_97' title='bbox 392 1018 471 1080; x_wconf 87' lang='lat' dir='ltr'>satis</span> <span class='ocrx_word' id='word_1_98' title='bbox 505 1014 665 1079; x_wconf 88' lang='lat' dir='ltr'>admonet.</span> <span class='ocrx_word' id='word_1_99' title='bbox 707 1011 818 1093; x_wconf 77' lang='lat' dir='ltr'>Quum</span> <span class='ocrx_word' id='word_1_100' title='bbox 841 1011 922 1076; x_wconf 93' lang='lat' dir='ltr'>mihi</span> <span class='ocrx_word' id='word_1_101' title='bbox 943 1013 1068 1095; x_wconf 84' lang='lat' dir='ltr'>ingenii</span> <span class='ocrx_word' id='word_1_102' title='bbox 1090 1012 1141 1076; x_wconf 90' lang='lat' dir='ltr'>sui</span> <span class='ocrx_word' id='word_1_103' title='bbox 1163 1031 1255 1074; x_wconf 90' lang='lat' dir='ltr'>man·</span> <span class='ocrx_word' id='word_1_104' title='bbox 1307 1012 1383 1094; x_wconf 85' lang='lat' dir='ltr'>gavi</span> <span class='ocrx_word' id='word_1_105' title='bbox 1401 1033 1575 1096; x_wconf 83' lang='lat' dir='ltr'>cognosces</span> <span class='ocrx_word' id='word_1_106' title='bbox 1596 1011 1756 1095; x_wconf 89' lang='lat' dir='ltr'>quomodo</span> <span class='ocrx_word' id='word_1_107' title='bbox 1769 1015 1925 1078; x_wconf 86' lang='lat' dir='ltr'>hactenus</span> <span class='ocrx_word' id='word_1_108' title='bbox 1946 1010 2278 1077; x_wconf 89' lang='lat' dir='ltr'>meDominusexer·</span> 
     </span>
     <span class='ocr_line' id='line_1_10' title="bbox 288 1096 2276 1180; baseline -0.002 -14"><span class='ocrx_word' id='word_1_109' title='bbox 288 1100 491 1166; x_wconf 81' lang='lat' dir='ltr'>suetudinem</span> <span class='ocrx_word' id='word_1_110' title='bbox 510 1109 543 1163; x_wconf 93' lang='lat' dir='ltr'>et</span> <span class='ocrx_word' id='word_1_111' title='bbox 563 1097 734 1165; x_wconf 87' lang='lat' dir='ltr'>candorem</span> <span class='ocrx_word' id='word_1_112' title='bbox 758 1105 855 1180; x_wconf 83' lang='lat' dir='ltr'>(quae</span> <span class='ocrx_word' id='word_1_113' title='bbox 878 1097 961 1162; x_wconf 89' lang='lat' dir='ltr'>duae</span> <span class='ocrx_word' id='word_1_114' title='bbox 979 1109 1057 1161; x_wconf 88' lang='lat' dir='ltr'>sunt</span> <span class='ocrx_word' id='word_1_115' title='bbox 1074 1118 1168 1161; x_wconf 89' lang='lat' dir='ltr'>rarae</span> <span class='ocrx_word' id='word_1_116' title='bbox 1190 1097 1255 1160; x_wconf 89' lang='lat' dir='ltr'>vir·</span> <span class='ocrx_word' id='word_1_117' title='bbox 1308 1098 1374 1162; x_wconf 91' lang='lat' dir='ltr'>cuit</span> <span class='ocrx_word' id='word_1_118' title='bbox 1403 1098 1483 1161; x_wconf 88' lang='lat' dir='ltr'>satis</span> <span class='ocrx_word' id='word_1_119' title='bbox 1512 1099 1698 1164; x_wconf 88' lang='lat' dir='ltr'>clementer.</span> <span class='ocrx_word' id='word_1_120' title='bbox 1744 1096 1828 1162; x_wconf 79' lang='lat' dir='ltr'>Sum</span> <span class='ocrx_word' id='word_1_121' title='bbox 1857 1106 1944 1162; x_wconf 90' lang='lat' dir='ltr'>totus</span> <span class='ocrx_word' id='word_1_122' title='bbox 1966 1098 2001 1161; x_wconf 94' lang='lat' dir='ltr'>in</span> <span class='ocrx_word' id='word_1_123' title='bbox 2018 1096 2197 1162; x_wconf 79' lang='lat' dir='ltr'>liberandis</span> <span class='ocrx_word' id='word_1_124' title='bbox 2220 1097 2276 1163; x_wconf 89' lang='lat' dir='ltr'>ali·</span> 
     </span>
     <span class='ocr_line' id='line_1_11' title="bbox 288 1181 2277 1269; baseline -0.002 -19"><span class='ocrx_word' id='word_1_125' title='bbox 288 1196 390 1254; x_wconf 77' lang='lat' dir='ltr'>tutos)</span> <span class='ocrx_word' id='word_1_126' title='bbox 424 1186 599 1269; x_wconf 79' lang='lat' dir='ltr'>probasset,</span> <span class='ocrx_word' id='word_1_127' title='bbox 630 1185 725 1266; x_wconf 86' lang='lat' dir='ltr'>longe</span> <span class='ocrx_word' id='word_1_128' title='bbox 758 1184 822 1248; x_wconf 88' lang='lat' dir='ltr'>ulia</span> <span class='ocrx_word' id='word_1_129' title='bbox 853 1182 935 1246; x_wconf 94' lang='lat' dir='ltr'>mibi</span> <span class='ocrx_word' id='word_1_130' title='bbox 977 1182 1016 1247; x_wconf 91' lang='lat' dir='ltr'>de</span> <span class='ocrx_word' id='word_1_131' title='bbox 1039 1205 1076 1247; x_wconf 95' lang='lat' dir='ltr'>eo</span> <span class='ocrx_word' id='word_1_132' title='bbox 1094 1181 1256 1265; x_wconf 91' lang='lat' dir='ltr'>pollicitus</span> <span class='ocrx_word' id='word_1_133' title='bbox 1307 1192 1387 1264; x_wconf 88' lang='lat' dir='ltr'>quot</span> <span class='ocrx_word' id='word_1_134' title='bbox 1418 1182 1646 1249; x_wconf 77' lang='lat' dir='ltr'>Franciscanie</span> <span class='ocrx_word' id='word_1_135' title='bbox 1679 1184 1815 1248; x_wconf 86' lang='lat' dir='ltr'>eruditis</span> <span class='ocrx_word' id='word_1_136' title='bbox 1840 1205 1880 1247; x_wconf 87' lang='lat' dir='ltr'>ex</span> <span class='ocrx_word' id='word_1_137' title='bbox 1914 1193 2045 1266; x_wconf 82' lang='lat' dir='ltr'>papatu.</span> <span class='ocrx_word' id='word_1_138' title='bbox 2088 1183 2130 1247; x_wconf 92' lang='lat' dir='ltr'>In</span> <span class='ocrx_word' id='word_1_139' title='bbox 2158 1204 2223 1265; x_wconf 88' lang='lat' dir='ltr'>qua</span> <span class='ocrx_word' id='word_1_140' title='bbox 2243 1204 2277 1247; x_wconf 89' lang='lat' dir='ltr'>re</span> 
     </span>
     <span class='ocr_line' id='line_1_12' title="bbox 288 1269 2277 1353; baseline -0.002 -17"><span class='ocrx_word' id='word_1_141' title='bbox 288 1273 423 1346; x_wconf 88' lang='lat' dir='ltr'>fueram,</span> <span class='ocrx_word' id='word_1_142' title='bbox 452 1292 549 1353; x_wconf 88' lang='lat' dir='ltr'>quam</span> <span class='ocrx_word' id='word_1_143' title='bbox 571 1291 653 1352; x_wconf 89' lang='lat' dir='ltr'>quae</span> <span class='ocrx_word' id='word_1_144' title='bbox 676 1270 749 1334; x_wconf 91' lang='lat' dir='ltr'>boui</span> <span class='ocrx_word' id='word_1_145' title='bbox 773 1290 886 1333; x_wconf 90' lang='lat' dir='ltr'>omnes</span> <span class='ocrx_word' id='word_1_146' title='bbox 908 1290 943 1332; x_wconf 93' lang='lat' dir='ltr'>se</span> <span class='ocrx_word' id='word_1_147' title='bbox 963 1270 1158 1349; x_wconf 86' lang='lat' dir='ltr'>comperisse</span> <span class='ocrx_word' id='word_1_148' title='bbox 1180 1287 1254 1330; x_wconf 87' lang='lat' dir='ltr'>nar·</span> <span class='ocrx_word' id='word_1_149' title='bbox 1308 1269 1362 1350; x_wconf 87' lang='lat' dir='ltr'>pia</span> <span class='ocrx_word' id='word_1_150' title='bbox 1387 1277 1420 1332; x_wconf 92' lang='lat' dir='ltr'>et</span> <span class='ocrx_word' id='word_1_151' title='bbox 1442 1269 1597 1334; x_wconf 87' lang='lat' dir='ltr'>ecclesiae</span> <span class='ocrx_word' id='word_1_152' title='bbox 1619 1271 1697 1334; x_wconf 90' lang='lat' dir='ltr'>huic</span> <span class='ocrx_word' id='word_1_153' title='bbox 1730 1270 1914 1335; x_wconf 76' lang='lat' dir='ltr'>renascenti</span> <span class='ocrx_word' id='word_1_154' title='bbox 1948 1289 2075 1333; x_wconf 89' lang='lat' dir='ltr'>summe</span> <span class='ocrx_word' id='word_1_155' title='bbox 2097 1269 2277 1333; x_wconf 86' lang='lat' dir='ltr'>necessaria</span> 
     </span>
     <span class='ocr_line' id='line_1_13' title="bbox 288 1352 2275 1436; baseline -0.002 -15"><span class='ocrx_word' id='word_1_156' title='bbox 288 1366 373 1422; x_wconf 82' lang='lat' dir='ltr'>rent.</span> <span class='ocrx_word' id='word_1_157' title='bbox 417 1357 490 1421; x_wconf 89' lang='lat' dir='ltr'>Hoc</span> <span class='ocrx_word' id='word_1_158' title='bbox 522 1357 550 1419; x_wconf 92' lang='lat' dir='ltr'>si</span> <span class='ocrx_word' id='word_1_159' title='bbox 583 1356 708 1420; x_wconf 90' lang='lat' dir='ltr'>homini</span> <span class='ocrx_word' id='word_1_160' title='bbox 736 1366 884 1419; x_wconf 88' lang='lat' dir='ltr'>maturae</span> <span class='ocrx_word' id='word_1_161' title='bbox 916 1356 981 1417; x_wconf 87' lang='lat' dir='ltr'>iam</span> <span class='ocrx_word' id='word_1_162' title='bbox 999 1352 1199 1436; x_wconf 85' lang='lat' dir='ltr'>prudentiae,</span> <span class='ocrx_word' id='word_1_163' title='bbox 1223 1359 1256 1417; x_wconf 86' lang='lat' dir='ltr'>et</span> <span class='ocrx_word' id='word_1_164' title='bbox 1308 1354 1335 1416; x_wconf 92' lang='lat' dir='ltr'>si</span> <span class='ocrx_word' id='word_1_165' title='bbox 1370 1374 1422 1417; x_wconf 93' lang='lat' dir='ltr'>me</span> <span class='ocrx_word' id='word_1_166' title='bbox 1443 1354 1568 1420; x_wconf 90' lang='lat' dir='ltr'>iuveris</span> <span class='ocrx_word' id='word_1_167' title='bbox 1597 1355 1800 1420; x_wconf 85' lang='lat' dir='ltr'>adhortando</span> <span class='ocrx_word' id='word_1_168' title='bbox 1822 1355 1903 1432; x_wconf 90' lang='lat' dir='ltr'>illos,</span> <span class='ocrx_word' id='word_1_169' title='bbox 1926 1356 1992 1419; x_wconf 92' lang='lat' dir='ltr'>imo</span> <span class='ocrx_word' id='word_1_170' title='bbox 2015 1363 2048 1418; x_wconf 84' lang='lat' dir='ltr'>et</span> <span class='ocrx_word' id='word_1_171' title='bbox 2069 1353 2275 1436; x_wconf 89' lang='lat' dir='ltr'>increpando,</span> 
     </span>
    </p>
   </div>
   <div class='ocr_carea' id='block_1_3' title="bbox 197 1439 2276 1524">
    <p class='ocr_par' dir='ltr' id='par_1_3' title="bbox 197 1439 2276 1524">
     <span class='ocr_line' id='line_1_14' title="bbox 197 1439 2276 1524; baseline -0.001 -18"><span class='ocrx_word' id='word_1_172' title='bbox 197 1490 199 1492; x_wconf 83' lang='lat'><em>-</em></span> <span class='ocrx_word' id='word_1_173' title='bbox 289 1442 330 1507; x_wconf 86' lang='lat' dir='ltr'>ad</span> <span class='ocrx_word' id='word_1_174' title='bbox 350 1444 474 1524; x_wconf 90' lang='lat' dir='ltr'>optima</span> <span class='ocrx_word' id='word_1_175' title='bbox 491 1462 636 1524; x_wconf 90' lang='lat' dir='ltr'>quaeque</span> <span class='ocrx_word' id='word_1_176' title='bbox 665 1443 764 1524; x_wconf 88' lang='lat' dir='ltr'>longa</span> <span class='ocrx_word' id='word_1_177' title='bbox 786 1442 851 1504; x_wconf 93' lang='lat' dir='ltr'>iam</span> <span class='ocrx_word' id='word_1_178' title='bbox 869 1439 986 1522; x_wconf 82' lang='lat' dir='ltr'>peritia</span> <span class='ocrx_word' id='word_1_179' title='bbox 1002 1439 1181 1504; x_wconf 82' lang='lat' dir='ltr'>assuefacto</span> <span class='ocrx_word' id='word_1_180' title='bbox 1203 1460 1255 1503; x_wconf 85' lang='lat' dir='ltr'>aa·</span> <span class='ocrx_word' id='word_1_181' title='bbox 1308 1460 1392 1521; x_wconf 86' lang='lat' dir='ltr'>quae</span> <span class='ocrx_word' id='word_1_182' title='bbox 1413 1449 1471 1503; x_wconf 86' lang='lat' dir='ltr'>tua</span> <span class='ocrx_word' id='word_1_183' title='bbox 1489 1440 1575 1522; x_wconf 91' lang='lat' dir='ltr'>apud</span> <span class='ocrx_word' id='word_1_184' title='bbox 1597 1439 1670 1506; x_wconf 86' lang='lat' dir='ltr'>illos</span> <span class='ocrx_word' id='word_1_185' title='bbox 1691 1455 1741 1507; x_wconf 90' lang='lat' dir='ltr'>est</span> <span class='ocrx_word' id='word_1_186' title='bbox 1763 1441 1930 1518; x_wconf 86' lang='lat' dir='ltr'>autoritas,</span> <span class='ocrx_word' id='word_1_187' title='bbox 1953 1461 2024 1504; x_wconf 91' lang='lat' dir='ltr'>rem</span> <span class='ocrx_word' id='word_1_188' title='bbox 2046 1439 2182 1503; x_wconf 90' lang='lat' dir='ltr'>etmihi</span> <span class='ocrx_word' id='word_1_189' title='bbox 2205 1459 2276 1523; x_wconf 86' lang='lat' dir='ltr'>gra-</span> 
     </span>
    </p>
   </div>
   <div class='ocr_carea' id='block_1_4' title="bbox 288 1524 2278 2704">
    <p class='ocr_par' dir='ltr' id='par_1_4' title="bbox 288 1524 2278 2704">
     <span class='ocr_line' id='line_1_15' title="bbox 289 1524 2274 1610; baseline -0.002 -18"><span class='ocrx_word' id='word_1_190' title='bbox 289 1527 394 1592; x_wconf 89' lang='lat' dir='ltr'>cidere</span> <span class='ocrx_word' id='word_1_191' title='bbox 416 1529 530 1609; x_wconf 89' lang='lat' dir='ltr'>potuit,</span> <span class='ocrx_word' id='word_1_192' title='bbox 549 1525 627 1610; x_wconf 91' lang='lat' dir='ltr'>quid</span> <span class='ocrx_word' id='word_1_193' title='bbox 650 1527 708 1589; x_wconf 90' lang='lat' dir='ltr'>tibi</span> <span class='ocrx_word' id='word_1_194' title='bbox 731 1526 865 1609; x_wconf 88' lang='lat' dir='ltr'>periculi</span> <span class='ocrx_word' id='word_1_195' title='bbox 881 1527 1039 1599; x_wconf 90' lang='lat' dir='ltr'>imminet,</span> <span class='ocrx_word' id='word_1_196' title='bbox 1061 1525 1126 1589; x_wconf 89' lang='lat' dir='ltr'>nisi</span> <span class='ocrx_word' id='word_1_197' title='bbox 1148 1535 1255 1588; x_wconf 90' lang='lat' dir='ltr'>atten·</span> <span class='ocrx_word' id='word_1_198' title='bbox 1307 1524 1466 1589; x_wconf 84' lang='lat' dir='ltr'>tissimum</span> <span class='ocrx_word' id='word_1_199' title='bbox 1496 1544 1529 1589; x_wconf 88' lang='lat' dir='ltr'>et</span> <span class='ocrx_word' id='word_1_200' title='bbox 1560 1526 1625 1591; x_wconf 92' lang='lat' dir='ltr'>illis</span> <span class='ocrx_word' id='word_1_201' title='bbox 1658 1527 1771 1591; x_wconf 88' lang='lat' dir='ltr'>utilem</span> <span class='ocrx_word' id='word_1_202' title='bbox 1805 1536 1838 1591; x_wconf 88' lang='lat' dir='ltr'>et</span> <span class='ocrx_word' id='word_1_203' title='bbox 1869 1527 1940 1591; x_wconf 88' lang='lat' dir='ltr'>Deo</span> <span class='ocrx_word' id='word_1_204' title='bbox 1965 1533 2131 1608; x_wconf 87' lang='lat' dir='ltr'>acceptam</span> <span class='ocrx_word' id='word_1_205' title='bbox 2154 1526 2274 1591; x_wconf 84' lang='lat' dir='ltr'>feceris.</span> 
     </span>
     <span class='ocr_line' id='line_1_16' title="bbox 290 1609 2277 1695; baseline -0.002 -17"><span class='ocrx_word' id='word_1_206' title='bbox 290 1613 413 1678; x_wconf 86' lang='lat' dir='ltr'>tissime</span> <span class='ocrx_word' id='word_1_207' title='bbox 443 1612 581 1679; x_wconf 83' lang='lat' dir='ltr'>caveas?</span> <span class='ocrx_word' id='word_1_208' title='bbox 626 1610 701 1692; x_wconf 76' lang='lat' dir='ltr'>Qua</span> <span class='ocrx_word' id='word_1_209' title='bbox 720 1612 756 1674; x_wconf 94' lang='lat' dir='ltr'>in</span> <span class='ocrx_word' id='word_1_210' title='bbox 779 1633 813 1675; x_wconf 91' lang='lat' dir='ltr'>re</span> <span class='ocrx_word' id='word_1_211' title='bbox 831 1611 1014 1693; x_wconf 87' lang='lat' dir='ltr'>opinionem</span> <span class='ocrx_word' id='word_1_212' title='bbox 1037 1631 1144 1675; x_wconf 90' lang='lat' dir='ltr'>meam</span> <span class='ocrx_word' id='word_1_213' title='bbox 1166 1609 1256 1673; x_wconf 87' lang='lat' dir='ltr'>fefel·</span> <span class='ocrx_word' id='word_1_214' title='bbox 1307 1609 1427 1675; x_wconf 90' lang='lat' dir='ltr'>Petrus</span> <span class='ocrx_word' id='word_1_215' title='bbox 1442 1610 1681 1695; x_wconf 56' lang='lat' dir='ltr'>Pandanam)</span> <span class='ocrx_word' id='word_1_216' title='bbox 1703 1624 1742 1676; x_wconf 87' lang='lat' dir='ltr'>ut</span> <span class='ocrx_word' id='word_1_217' title='bbox 1763 1633 1863 1695; x_wconf 86' lang='lat' dir='ltr'>quam</span> <span class='ocrx_word' id='word_1_218' title='bbox 1890 1613 2032 1693; x_wconf 92' lang='lat' dir='ltr'>primum</span> <span class='ocrx_word' id='word_1_219' title='bbox 2054 1611 2277 1694; x_wconf 88' lang='lat' dir='ltr'>proficiscatur</span> 
     </span>
     <span class='ocr_line' id='line_1_17' title="bbox 288 1695 2276 1782; baseline -0.001 -19"><span class='ocrx_word' id='word_1_220' title='bbox 288 1699 372 1776; x_wconf 91' lang='lat' dir='ltr'>lerit,</span> <span class='ocrx_word' id='word_1_221' title='bbox 396 1701 424 1763; x_wconf 90' lang='lat' dir='ltr'>si</span> <span class='ocrx_word' id='word_1_222' title='bbox 445 1719 550 1782; x_wconf 86' lang='lat' dir='ltr'>rogae,</span> <span class='ocrx_word' id='word_1_223' title='bbox 573 1698 751 1762; x_wconf 90' lang='lat' dir='ltr'>unoverbo</span> <span class='ocrx_word' id='word_1_224' title='bbox 764 1697 907 1779; x_wconf 85' lang='lat' dir='ltr'>accipito,</span> <span class='ocrx_word' id='word_1_225' title='bbox 931 1697 1006 1778; x_wconf 89' lang='lat' dir='ltr'>quia</span> <span class='ocrx_word' id='word_1_226' title='bbox 1028 1695 1141 1760; x_wconf 92' lang='lat' dir='ltr'>mundi</span> <span class='ocrx_word' id='word_1_227' title='bbox 1163 1695 1255 1758; x_wconf 89' lang='lat' dir='ltr'>blan·</span> <span class='ocrx_word' id='word_1_228' title='bbox 1308 1695 1349 1760; x_wconf 90' lang='lat' dir='ltr'>ad</span> <span class='ocrx_word' id='word_1_229' title='bbox 1378 1717 1447 1773; x_wconf 92' lang='lat' dir='ltr'>nos,</span> <span class='ocrx_word' id='word_1_230' title='bbox 1479 1719 1559 1762; x_wconf 87' lang='lat' dir='ltr'>curu</span> <span class='ocrx_word' id='word_1_231' title='bbox 1588 1699 1728 1763; x_wconf 88' lang='lat' dir='ltr'>obsecro.</span> <span class='ocrx_word' id='word_1_232' title='bbox 1773 1700 1833 1762; x_wconf 83' lang='lat' dir='ltr'>Est</span> <span class='ocrx_word' id='word_1_233' title='bbox 1861 1699 1947 1761; x_wconf 93' lang='lat' dir='ltr'>enim</span> <span class='ocrx_word' id='word_1_234' title='bbox 1970 1696 2051 1761; x_wconf 94' lang='lat' dir='ltr'>mihi</span> <span class='ocrx_word' id='word_1_235' title='bbox 2074 1705 2107 1760; x_wconf 91' lang='lat' dir='ltr'>et</span> <span class='ocrx_word' id='word_1_236' title='bbox 2127 1695 2206 1760; x_wconf 90' lang='lat' dir='ltr'>huic</span> <span class='ocrx_word' id='word_1_237' title='bbox 2228 1718 2276 1762; x_wconf 90' lang='lat' dir='ltr'>ec·</span> 
     </span>
     <span class='ocr_line' id='line_1_18' title="bbox 290 1780 2277 1866; baseline -0.001 -17"><span class='ocrx_word' id='word_1_238' title='bbox 290 1785 379 1849; x_wconf 81' lang='lat' dir='ltr'>ditiis</span> <span class='ocrx_word' id='word_1_239' title='bbox 406 1785 550 1848; x_wconf 90' lang='lat' dir='ltr'>irretitus</span> <span class='ocrx_word' id='word_1_240' title='bbox 580 1805 650 1847; x_wconf 86' lang='lat' dir='ltr'>sese</span> <span class='ocrx_word' id='word_1_241' title='bbox 672 1781 805 1847; x_wconf 83' lang='lat' dir='ltr'>Christo</span> <span class='ocrx_word' id='word_1_242' title='bbox 834 1780 997 1847; x_wconf 90' lang='lat' dir='ltr'>subduxit.</span> <span class='ocrx_word' id='word_1_243' title='bbox 1043 1782 1124 1846; x_wconf 80' lang='lat' dir='ltr'>Eius</span> <span class='ocrx_word' id='word_1_244' title='bbox 1147 1782 1256 1862; x_wconf 88' lang='lat' dir='ltr'>itaque</span> <span class='ocrx_word' id='word_1_245' title='bbox 1308 1780 1424 1846; x_wconf 85' lang='lat' dir='ltr'>olesiae</span> <span class='ocrx_word' id='word_1_246' title='bbox 1446 1781 1621 1847; x_wconf 88' lang='lat' dir='ltr'>admodum</span> <span class='ocrx_word' id='word_1_247' title='bbox 1632 1785 1841 1848; x_wconf 82' lang='lat' dir='ltr'>necessarius.</span> <span class='ocrx_word' id='word_1_248' title='bbox 1874 1784 1926 1846; x_wconf 84' lang='lat' dir='ltr'>Ex</span> <span class='ocrx_word' id='word_1_249' title='bbox 1945 1784 2083 1847; x_wconf 82' lang='lat' dir='ltr'>Varrone</span> <span class='ocrx_word' id='word_1_250' title='bbox 2104 1802 2277 1866; x_wconf 82' lang='lat' dir='ltr'>cognoscas</span> 
     </span>
     <span class='ocr_line' id='line_1_19' title="bbox 290 1866 2276 1953; baseline 0 -20"><span class='ocrx_word' id='word_1_251' title='bbox 290 1871 447 1934; x_wconf 89' lang='lat' dir='ltr'>memoria</span> <span class='ocrx_word' id='word_1_252' title='bbox 475 1868 516 1932; x_wconf 91' lang='lat' dir='ltr'>ad</span> <span class='ocrx_word' id='word_1_253' title='bbox 541 1880 573 1932; x_wconf 91' lang='lat' dir='ltr'>te</span> <span class='ocrx_word' id='word_1_254' title='bbox 595 1870 701 1934; x_wconf 89' lang='lat' dir='ltr'>acrius</span> <span class='ocrx_word' id='word_1_255' title='bbox 723 1867 956 1933; x_wconf 91' lang='lat' dir='ltr'>stimulandum</span> <span class='ocrx_word' id='word_1_256' title='bbox 978 1887 1031 1930; x_wconf 92' lang='lat' dir='ltr'>me</span> <span class='ocrx_word' id='word_1_257' title='bbox 1053 1886 1120 1930; x_wconf 93' lang='lat' dir='ltr'>non</span> <span class='ocrx_word' id='word_1_258' title='bbox 1141 1866 1254 1931; x_wconf 91' lang='lat' dir='ltr'>imme·</span> <span class='ocrx_word' id='word_1_259' title='bbox 1307 1887 1360 1930; x_wconf 91' lang='lat' dir='ltr'>me</span> <span class='ocrx_word' id='word_1_260' title='bbox 1382 1866 1432 1930; x_wconf 94' lang='lat' dir='ltr'>illi</span> <span class='ocrx_word' id='word_1_261' title='bbox 1454 1867 1493 1932; x_wconf 90' lang='lat' dir='ltr'>de</span> <span class='ocrx_word' id='word_1_262' title='bbox 1516 1869 1635 1935; x_wconf 86' lang='lat' dir='ltr'>viatico</span> <span class='ocrx_word' id='word_1_263' title='bbox 1657 1871 1873 1953; x_wconf 88' lang='lat' dir='ltr'>prospexisse.</span> <span class='ocrx_word' id='word_1_264' title='bbox 1906 1867 2051 1949; x_wconf 78' lang='lat' dir='ltr'>Quodsi</span> <span class='ocrx_word' id='word_1_265' title='bbox 2072 1867 2127 1932; x_wconf 94' lang='lat' dir='ltr'>ille</span> <span class='ocrx_word' id='word_1_266' title='bbox 2150 1869 2276 1933; x_wconf 86' lang='lat' dir='ltr'>subter·</span> 
     </span>
     <span class='ocr_line' id='line_1_20' title="bbox 290 1950 2277 2038; baseline -0.001 -19"><span class='ocrx_word' id='word_1_267' title='bbox 290 1954 354 2019; x_wconf 90' lang='lat' dir='ltr'>rito</span> <span class='ocrx_word' id='word_1_268' title='bbox 377 1954 506 2019; x_wconf 89' lang='lat' dir='ltr'>excitat.</span> <span class='ocrx_word' id='word_1_269' title='bbox 538 1953 605 2019; x_wconf 81' lang='lat' dir='ltr'>Sed</span> <span class='ocrx_word' id='word_1_270' title='bbox 627 1954 702 2036; x_wconf 89' lang='lat' dir='ltr'>quia</span> <span class='ocrx_word' id='word_1_271' title='bbox 720 1953 849 2038; x_wconf 82' lang='lat' dir='ltr'>longius</span> <span class='ocrx_word' id='word_1_272' title='bbox 871 1950 1021 2036; x_wconf 80' lang='lat' dir='ltr'>progredi</span> <span class='ocrx_word' id='word_1_273' title='bbox 1045 1973 1110 2016; x_wconf 92' lang='lat' dir='ltr'>non</span> <span class='ocrx_word' id='word_1_274' title='bbox 1132 1953 1256 2034; x_wconf 90' lang='lat' dir='ltr'>patitur</span> <span class='ocrx_word' id='word_1_275' title='bbox 1308 1953 1437 2035; x_wconf 84' lang='lat' dir='ltr'>fugeret</span> <span class='ocrx_word' id='word_1_276' title='bbox 1469 1951 1502 2016; x_wconf 92' lang='lat' dir='ltr'>id</span> <span class='ocrx_word' id='word_1_277' title='bbox 1533 1953 1663 2032; x_wconf 89' lang='lat' dir='ltr'>laboris,</span> <span class='ocrx_word' id='word_1_278' title='bbox 1693 1956 1734 2020; x_wconf 89' lang='lat' dir='ltr'>da</span> <span class='ocrx_word' id='word_1_279' title='bbox 1761 1975 1893 2038; x_wconf 89' lang='lat' dir='ltr'>operam</span> <span class='ocrx_word' id='word_1_280' title='bbox 1923 1969 1961 2018; x_wconf 89' lang='lat' dir='ltr'>ut</span> <span class='ocrx_word' id='word_1_281' title='bbox 1995 1953 2135 2018; x_wconf 87' lang='lat' dir='ltr'>alterum</span> <span class='ocrx_word' id='word_1_282' title='bbox 2156 1955 2277 2031; x_wconf 90' lang='lat' dir='ltr'>mittas,</span> 
     </span>
     <span class='ocr_line' id='line_1_21' title="bbox 292 2035 2278 2123; baseline -0.001 -20"><span class='ocrx_word' id='word_1_283' title='bbox 292 2040 344 2105; x_wconf 84' lang='lat' dir='ltr'>vel</span> <span class='ocrx_word' id='word_1_284' title='bbox 367 2041 521 2123; x_wconf 86' lang='lat' dir='ltr'>temporis</span> <span class='ocrx_word' id='word_1_285' title='bbox 550 2042 711 2123; x_wconf 81' lang='lat' dir='ltr'>angustia,</span> <span class='ocrx_word' id='word_1_286' title='bbox 731 2040 781 2103; x_wconf 91' lang='lat' dir='ltr'>vel</span> <span class='ocrx_word' id='word_1_287' title='bbox 801 2039 957 2122; x_wconf 89' lang='lat' dir='ltr'>epistolae</span> <span class='ocrx_word' id='word_1_288' title='bbox 978 2035 1104 2116; x_wconf 90' lang='lat' dir='ltr'>modus,</span> <span class='ocrx_word' id='word_1_289' title='bbox 1126 2045 1256 2101; x_wconf 89' lang='lat' dir='ltr'>tantum</span> <span class='ocrx_word' id='word_1_290' title='bbox 1308 2039 1364 2119; x_wconf 90' lang='lat' dir='ltr'>qui</span> <span class='ocrx_word' id='word_1_291' title='bbox 1396 2049 1428 2103; x_wconf 90' lang='lat' dir='ltr'>et</span> <span class='ocrx_word' id='word_1_292' title='bbox 1458 2039 1607 2122; x_wconf 89' lang='lat' dir='ltr'>exemplo</span> <span class='ocrx_word' id='word_1_293' title='bbox 1635 2043 1732 2119; x_wconf 88' lang='lat' dir='ltr'>vitae,</span> <span class='ocrx_word' id='word_1_294' title='bbox 1765 2053 1799 2105; x_wconf 91' lang='lat' dir='ltr'>et</span> <span class='ocrx_word' id='word_1_295' title='bbox 1819 2040 1999 2106; x_wconf 78' lang='lat' dir='ltr'>scribendis</span> <span class='ocrx_word' id='word_1_296' title='bbox 2018 2040 2130 2117; x_wconf 88' lang='lat' dir='ltr'>literis,</span> <span class='ocrx_word' id='word_1_297' title='bbox 2153 2058 2191 2104; x_wconf 86' lang='lat' dir='ltr'>ao</span> <span class='ocrx_word' id='word_1_298' title='bbox 2210 2061 2278 2105; x_wconf 91' lang='lat' dir='ltr'>ver·</span> 
     </span>
     <span class='ocr_line' id='line_1_22' title="bbox 291 2123 2277 2207; baseline -0.001 -17"><span class='ocrx_word' id='word_1_299' title='bbox 291 2126 390 2190; x_wconf 93' lang='lat' dir='ltr'>velim</span> <span class='ocrx_word' id='word_1_300' title='bbox 413 2125 501 2190; x_wconf 91' lang='lat' dir='ltr'>hunc</span> <span class='ocrx_word' id='word_1_301' title='bbox 534 2124 593 2189; x_wconf 92' lang='lat' dir='ltr'>tibi</span> <span class='ocrx_word' id='word_1_302' title='bbox 612 2146 742 2207; x_wconf 89' lang='lat' dir='ltr'>scopum</span> <span class='ocrx_word' id='word_1_303' title='bbox 766 2133 832 2188; x_wconf 88' lang='lat' dir='ltr'>toto</span> <span class='ocrx_word' id='word_1_304' title='bbox 855 2124 940 2189; x_wconf 86' lang='lat' dir='ltr'>vitae</span> <span class='ocrx_word' id='word_1_305' title='bbox 962 2144 1061 2188; x_wconf 87' lang='lat' dir='ltr'>cursu</span> <span class='ocrx_word' id='word_1_306' title='bbox 1084 2142 1256 2206; x_wconf 86' lang='lat' dir='ltr'>proponas,</span> <span class='ocrx_word' id='word_1_307' title='bbox 1309 2123 1417 2189; x_wconf 89' lang='lat' dir='ltr'>tendis</span> <span class='ocrx_word' id='word_1_308' title='bbox 1449 2125 1513 2189; x_wconf 89' lang='lat' dir='ltr'>tuis</span> <span class='ocrx_word' id='word_1_309' title='bbox 1546 2125 1672 2207; x_wconf 81' lang='lat' dir='ltr'>gallicis</span> <span class='ocrx_word' id='word_1_310' title='bbox 1703 2148 1755 2190; x_wconf 90' lang='lat' dir='ltr'>me</span> <span class='ocrx_word' id='word_1_311' title='bbox 1787 2135 1821 2190; x_wconf 91' lang='lat' dir='ltr'>et</span> <span class='ocrx_word' id='word_1_312' title='bbox 1842 2126 2010 2191; x_wconf 88' lang='lat' dir='ltr'>ecclesiam</span> <span class='ocrx_word' id='word_1_313' title='bbox 2032 2126 2132 2189; x_wconf 89' lang='lat' dir='ltr'>iuvet.</span> <span class='ocrx_word' id='word_1_314' title='bbox 2178 2125 2277 2189; x_wconf 83' lang='lat' dir='ltr'>Brevi</span> 
     </span>
     <span class='ocr_line' id='line_1_23' title="bbox 291 2209 2278 2294; baseline -0.001 -18"><span class='ocrx_word' id='word_1_315' title='bbox 291 2209 420 2294; x_wconf 87' lang='lat' dir='ltr'>quando</span> <span class='ocrx_word' id='word_1_316' title='bbox 449 2209 541 2274; x_wconf 89' lang='lat' dir='ltr'>nobis</span> <span class='ocrx_word' id='word_1_317' title='bbox 570 2212 605 2274; x_wconf 91' lang='lat' dir='ltr'>in</span> <span class='ocrx_word' id='word_1_318' title='bbox 622 2231 731 2293; x_wconf 83' lang='lat' dir='ltr'>regem</span> <span class='ocrx_word' id='word_1_319' title='bbox 755 2227 883 2292; x_wconf 88' lang='lat' dir='ltr'>apatre</span> <span class='ocrx_word' id='word_1_320' title='bbox 906 2209 1003 2274; x_wconf 90' lang='lat' dir='ltr'>datus</span> <span class='ocrx_word' id='word_1_321' title='bbox 1025 2216 1075 2272; x_wconf 92' lang='lat' dir='ltr'>est</span> <span class='ocrx_word' id='word_1_322' title='bbox 1091 2209 1256 2284; x_wconf 79' lang='lat' dir='ltr'>Christus,</span> <span class='ocrx_word' id='word_1_323' title='bbox 1308 2219 1341 2274; x_wconf 92' lang='lat' dir='ltr'>et</span> <span class='ocrx_word' id='word_1_324' title='bbox 1369 2209 1504 2275; x_wconf 89' lang='lat' dir='ltr'>ecclesia</span> <span class='ocrx_word' id='word_1_325' title='bbox 1532 2211 1573 2275; x_wconf 88' lang='lat' dir='ltr'>ad</span> <span class='ocrx_word' id='word_1_326' title='bbox 1596 2220 1628 2276; x_wconf 83' lang='lat' dir='ltr'>to</span> <span class='ocrx_word' id='word_1_327' title='bbox 1646 2213 1802 2294; x_wconf 75' lang='lat' dir='ltr'>scribot³l</span> <span class='ocrx_word' id='word_1_328' title='bbox 1825 2221 1900 2276; x_wconf 91' lang='lat' dir='ltr'>eta</span> <span class='ocrx_word' id='word_1_329' title='bbox 1927 2210 2113 2293; x_wconf 90' lang='lat' dir='ltr'>proceribus</span> <span class='ocrx_word' id='word_1_330' title='bbox 2139 2210 2201 2275; x_wconf 88' lang='lat' dir='ltr'>tibi</span> <span class='ocrx_word' id='word_1_331' title='bbox 2230 2231 2278 2275; x_wconf 89' lang='lat' dir='ltr'>re-</span> 
     </span>
     <span class='ocr_line' id='line_1_24' title="bbox 291 2294 2278 2381; baseline 0.001 -21"><span class='ocrx_word' id='word_1_332' title='bbox 291 2307 324 2361; x_wconf 89' lang='lat' dir='ltr'>et</span> <span class='ocrx_word' id='word_1_333' title='bbox 345 2318 403 2379; x_wconf 89' lang='lat' dir='ltr'>pro</span> <span class='ocrx_word' id='word_1_334' title='bbox 425 2295 574 2360; x_wconf 91' lang='lat' dir='ltr'>omnibus</span> <span class='ocrx_word' id='word_1_335' title='bbox 596 2310 742 2360; x_wconf 87' lang='lat' dir='ltr'>mortuus</span> <span class='ocrx_word' id='word_1_336' title='bbox 764 2306 814 2361; x_wconf 90' lang='lat' dir='ltr'>est</span> <span class='ocrx_word' id='word_1_337' title='bbox 831 2316 869 2361; x_wconf 89' lang='lat' dir='ltr'>ac</span> <span class='ocrx_word' id='word_1_338' title='bbox 890 2295 1070 2359; x_wconf 84' lang='lat' dir='ltr'>resurrexit</span> <span class='ocrx_word' id='word_1_339' title='bbox 1086 2303 1123 2358; x_wconf 89' lang='lat' dir='ltr'>ut</span> <span class='ocrx_word' id='word_1_340' title='bbox 1143 2315 1256 2358; x_wconf 90' lang='lat' dir='ltr'>omnes</span> <span class='ocrx_word' id='word_1_341' title='bbox 1308 2296 1476 2360; x_wconf 87' lang='lat' dir='ltr'>scribetur.</span> <span class='ocrx_word' id='word_1_342' title='bbox 1524 2294 1565 2361; x_wconf 79' lang='lat' dir='ltr'>G.</span> <span class='ocrx_word' id='word_1_343' title='bbox 1597 2295 1639 2361; x_wconf 91' lang='lat' dir='ltr'>D.</span> <span class='ocrx_word' id='word_1_344' title='bbox 1671 2297 1856 2363; x_wconf 82' lang='lat' dir='ltr'>Stanislaua</span> <span class='ocrx_word' id='word_1_345' title='bbox 1891 2295 2060 2362; x_wconf 66' lang='lat' dir='ltr'>Catuiacia</span> <span class='ocrx_word' id='word_1_346' title='bbox 2070 2296 2097 2381; x_wconf 87' lang='lat'>⁴)</span> <span class='ocrx_word' id='word_1_347' title='bbox 2131 2295 2241 2374; x_wconf 87' lang='lat' dir='ltr'>Ivien,</span> <span class='ocrx_word' id='word_1_348' title='bbox 2254 2299 2278 2373; x_wconf 80' lang='lat'>³)</span> 
     </span>
     <span class='ocr_line' id='line_1_25' title="bbox 291 2380 2277 2465; baseline 0.001 -20"><span class='ocrx_word' id='word_1_349' title='bbox 291 2383 320 2445; x_wconf 94' lang='lat' dir='ltr'>ei</span> <span class='ocrx_word' id='word_1_350' title='bbox 343 2383 459 2446; x_wconf 86' lang='lat' dir='ltr'>vivant</span> <span class='ocrx_word' id='word_1_351' title='bbox 481 2403 519 2447; x_wconf 91' lang='lat' dir='ltr'>ac</span> <span class='ocrx_word' id='word_1_352' title='bbox 538 2383 728 2458; x_wconf 89' lang='lat' dir='ltr'>moriantur,</span> <span class='ocrx_word' id='word_1_353' title='bbox 751 2389 783 2445; x_wconf 90' lang='lat' dir='ltr'>te</span> <span class='ocrx_word' id='word_1_354' title='bbox 805 2382 841 2445; x_wconf 93' lang='lat' dir='ltr'>in</span> <span class='ocrx_word' id='word_1_355' title='bbox 863 2381 933 2445; x_wconf 91' lang='lat' dir='ltr'>eins</span> <span class='ocrx_word' id='word_1_356' title='bbox 955 2380 1144 2462; x_wconf 88' lang='lat' dir='ltr'>obsequium</span> <span class='ocrx_word' id='word_1_357' title='bbox 1166 2400 1256 2462; x_wconf 88' lang='lat' dir='ltr'>pror·</span> <span class='ocrx_word' id='word_1_358' title='bbox 1308 2401 1400 2445; x_wconf 91' lang='lat' dir='ltr'>meus</span> <span class='ocrx_word' id='word_1_359' title='bbox 1421 2381 1549 2464; x_wconf 91' lang='lat' dir='ltr'>hospes,</span> <span class='ocrx_word' id='word_1_360' title='bbox 1571 2384 1625 2465; x_wconf 91' lang='lat' dir='ltr'>qui</span> <span class='ocrx_word' id='word_1_361' title='bbox 1646 2385 1743 2447; x_wconf 90' lang='lat' dir='ltr'>etiam</span> <span class='ocrx_word' id='word_1_362' title='bbox 1763 2383 1855 2448; x_wconf 91' lang='lat' dir='ltr'>brevi</span> <span class='ocrx_word' id='word_1_363' title='bbox 1878 2384 2043 2460; x_wconf 83' lang='lat' dir='ltr'>rescribet,</span> <span class='ocrx_word' id='word_1_364' title='bbox 2063 2391 2096 2445; x_wconf 94' lang='lat' dir='ltr'>te</span> <span class='ocrx_word' id='word_1_365' title='bbox 2118 2403 2208 2448; x_wconf 90' lang='lat' dir='ltr'>nunc</span> <span class='ocrx_word' id='word_1_366' title='bbox 2230 2403 2277 2446; x_wconf 90' lang='lat' dir='ltr'>re·</span> 
     </span>
     <span class='ocr_line' id='line_1_26' title="bbox 291 2464 2278 2549; baseline -0.001 -17"><span class='ocrx_word' id='word_1_367' title='bbox 291 2489 346 2532; x_wconf 89' lang='lat' dir='ltr'>sus</span> <span class='ocrx_word' id='word_1_368' title='bbox 379 2466 523 2532; x_wconf 87' lang='lat' dir='ltr'>addicas:</span> <span class='ocrx_word' id='word_1_369' title='bbox 558 2468 685 2549; x_wconf 87' lang='lat' dir='ltr'>quando</span> <span class='ocrx_word' id='word_1_370' title='bbox 718 2467 832 2531; x_wconf 89' lang='lat' dir='ltr'>unicus</span> <span class='ocrx_word' id='word_1_371' title='bbox 860 2468 958 2531; x_wconf 91' lang='lat' dir='ltr'>etiam</span> <span class='ocrx_word' id='word_1_372' title='bbox 976 2464 1069 2529; x_wconf 90' lang='lat' dir='ltr'>nobis</span> <span class='ocrx_word' id='word_1_373' title='bbox 1090 2464 1185 2528; x_wconf 87' lang='lat' dir='ltr'>datus</span> <span class='ocrx_word' id='word_1_374' title='bbox 1209 2473 1257 2529; x_wconf 89' lang='lat' dir='ltr'>est</span> <span class='ocrx_word' id='word_1_375' title='bbox 1308 2476 1460 2531; x_wconf 87' lang='lat' dir='ltr'>verenter</span> <span class='ocrx_word' id='word_1_376' title='bbox 1477 2467 1605 2532; x_wconf 89' lang='lat' dir='ltr'>salutat.</span> <span class='ocrx_word' id='word_1_377' title='bbox 1651 2470 1812 2533; x_wconf 89' lang='lat' dir='ltr'>Dominus</span> <span class='ocrx_word' id='word_1_378' title='bbox 1835 2479 1867 2533; x_wconf 88' lang='lat' dir='ltr'>te</span> <span class='ocrx_word' id='word_1_379' title='bbox 1889 2489 1967 2533; x_wconf 90' lang='lat' dir='ltr'>suae</span> <span class='ocrx_word' id='word_1_380' title='bbox 1989 2467 2142 2533; x_wconf 89' lang='lat' dir='ltr'>ecclesiae</span> <span class='ocrx_word' id='word_1_381' title='bbox 2165 2468 2278 2533; x_wconf 88' lang='lat' dir='ltr'>diutia·</span> 
     </span>
     <span class='ocr_line' id='line_1_27' title="bbox 292 2549 2236 2636; baseline 0.001 -20"><span class='ocrx_word' id='word_1_382' title='bbox 292 2553 456 2636; x_wconf 80' lang='lat' dir='ltr'>mugister,</span> <span class='ocrx_word' id='word_1_383' title='bbox 480 2563 517 2616; x_wconf 92' lang='lat' dir='ltr'>ut</span> <span class='ocrx_word' id='word_1_384' title='bbox 534 2553 663 2618; x_wconf 87' lang='lat' dir='ltr'>coelesti</span> <span class='ocrx_word' id='word_1_385' title='bbox 686 2552 755 2617; x_wconf 89' lang='lat' dir='ltr'>eius</span> <span class='ocrx_word' id='word_1_386' title='bbox 777 2549 1085 2634; x_wconf 86' lang='lat' dir='ltr'>sapientiao&#39;studia</span> <span class='ocrx_word' id='word_1_387' title='bbox 1102 2559 1158 2614; x_wconf 88' lang='lat' dir='ltr'>tua</span> <span class='ocrx_word' id='word_1_388' title='bbox 1180 2571 1255 2615; x_wconf 90' lang='lat' dir='ltr'>con·</span> <span class='ocrx_word' id='word_1_389' title='bbox 1309 2553 1390 2616; x_wconf 91' lang='lat' dir='ltr'>sime</span> <span class='ocrx_word' id='word_1_390' title='bbox 1412 2561 1528 2617; x_wconf 88' lang='lat' dir='ltr'>servet.</span> <span class='ocrx_word' id='word_1_391' title='bbox 1570 2553 1621 2617; x_wconf 86' lang='lat' dir='ltr'>Ex</span> <span class='ocrx_word' id='word_1_392' title='bbox 1641 2555 1900 2619; x_wconf 88' lang='lat' dir='ltr'>Alexandrovice</span> <span class='ocrx_word' id='word_1_393' title='bbox 1925 2562 1970 2617; x_wconf 79' lang='lat'>15.</span> <span class='ocrx_word' id='word_1_394' title='bbox 1992 2553 2117 2636; x_wconf 80' lang='lat' dir='ltr'>Aprilis</span> <span class='ocrx_word' id='word_1_395' title='bbox 2146 2557 2236 2618; x_wconf 79' lang='lat'>1556.</span> 
     </span>
     <span class='ocr_line' id='line_1_28' title="bbox 290 2636 1258 2704; baseline -0.003 -1"><span class='ocrx_word' id='word_1_396' title='bbox 290 2658 406 2704; x_wconf 81' lang='lat' dir='ltr'>sacres.</span> <span class='ocrx_word' id='word_1_397' title='bbox 461 2637 546 2702; x_wconf 90' lang='lat' dir='ltr'>Nam</span> <span class='ocrx_word' id='word_1_398' title='bbox 574 2646 612 2702; x_wconf 89' lang='lat' dir='ltr'>ut</span> <span class='ocrx_word' id='word_1_399' title='bbox 641 2650 672 2701; x_wconf 90' lang='lat' dir='ltr'>te</span> <span class='ocrx_word' id='word_1_400' title='bbox 702 2637 889 2703; x_wconf 84' lang='lat' dir='ltr'>liberalibus</span> <span class='ocrx_word' id='word_1_401' title='bbox 911 2637 1067 2703; x_wconf 87' lang='lat' dir='ltr'>doctrinis</span> <span class='ocrx_word' id='word_1_402' title='bbox 1089 2636 1258 2702; x_wconf 90' lang='lat' dir='ltr'>excultum</span> 
     </span>
    </p>
   </div>
   <div class='ocr_carea' id='block_1_5' title="bbox 290 2722 1258 3406">
    <p class='ocr_par' dir='ltr' id='par_1_5' title="bbox 290 2722 1258 3406">
     <span class='ocr_line' id='line_1_29' title="bbox 291 2722 1257 2807; baseline -0.002 -21"><span class='ocrx_word' id='word_1_403' title='bbox 291 2743 363 2789; x_wconf 89' lang='lat' dir='ltr'>esse</span> <span class='ocrx_word' id='word_1_404' title='bbox 378 2723 512 2807; x_wconf 84' lang='lat' dir='ltr'>gaudeo,</span> <span class='ocrx_word' id='word_1_405' title='bbox 535 2725 581 2787; x_wconf 88' lang='lat' dir='ltr'>ita</span> <span class='ocrx_word' id='word_1_406' title='bbox 602 2736 698 2788; x_wconf 87' lang='lat' dir='ltr'>tuum</span> <span class='ocrx_word' id='word_1_407' title='bbox 719 2733 770 2789; x_wconf 87' lang='lat' dir='ltr'>est</span> <span class='ocrx_word' id='word_1_408' title='bbox 791 2723 912 2801; x_wconf 88' lang='lat' dir='ltr'>videre,</span> <span class='ocrx_word' id='word_1_409' title='bbox 934 2722 996 2788; x_wconf 90' lang='lat' dir='ltr'>nisi</span> <span class='ocrx_word' id='word_1_410' title='bbox 1019 2743 1074 2786; x_wconf 91' lang='lat' dir='ltr'>eas</span> <span class='ocrx_word' id='word_1_411' title='bbox 1096 2723 1130 2785; x_wconf 91' lang='lat' dir='ltr'>in</span> <span class='ocrx_word' id='word_1_412' title='bbox 1151 2722 1257 2806; x_wconf 80' lang='lat' dir='ltr'>legiti-</span> 
     </span>
     <span class='ocr_line' id='line_1_30' title="bbox 290 2808 1258 2889; baseline 0 -16"><span class='ocrx_word' id='word_1_413' title='bbox 290 2829 380 2873; x_wconf 89' lang='lat' dir='ltr'>mum</span> <span class='ocrx_word' id='word_1_414' title='bbox 411 2810 510 2872; x_wconf 90' lang='lat' dir='ltr'>finem</span> <span class='ocrx_word' id='word_1_415' title='bbox 536 2821 568 2873; x_wconf 92' lang='lat' dir='ltr'>et</span> <span class='ocrx_word' id='word_1_416' title='bbox 596 2830 691 2874; x_wconf 90' lang='lat' dir='ltr'>usum</span> <span class='ocrx_word' id='word_1_417' title='bbox 720 2810 850 2887; x_wconf 85' lang='lat' dir='ltr'>referas,</span> <span class='ocrx_word' id='word_1_418' title='bbox 873 2818 977 2873; x_wconf 87' lang='lat' dir='ltr'>totum</span> <span class='ocrx_word' id='word_1_419' title='bbox 999 2808 1140 2889; x_wconf 88' lang='lat' dir='ltr'>perverti</span> <span class='ocrx_word' id='word_1_420' title='bbox 1162 2816 1258 2873; x_wconf 85' lang='lat' dir='ltr'>natu·</span> 
     </span>
     <span class='ocr_line' id='line_1_31' title="bbox 290 2891 1258 2977; baseline -0.001 -20"><span class='ocrx_word' id='word_1_421' title='bbox 290 2915 346 2959; x_wconf 90' lang='lat' dir='ltr'>rae</span> <span class='ocrx_word' id='word_1_422' title='bbox 368 2891 530 2959; x_wconf 89' lang='lat' dir='ltr'>ordinem:</span> <span class='ocrx_word' id='word_1_423' title='bbox 543 2892 699 2977; x_wconf 88' lang='lat' dir='ltr'>quidquid</span> <span class='ocrx_word' id='word_1_424' title='bbox 710 2894 808 2959; x_wconf 87' lang='lat' dir='ltr'>etiam</span> <span class='ocrx_word' id='word_1_425' title='bbox 820 2892 1002 2977; x_wconf 90' lang='lat' dir='ltr'>splendoris</span> <span class='ocrx_word' id='word_1_426' title='bbox 1024 2904 1057 2957; x_wconf 91' lang='lat' dir='ltr'>et</span> <span class='ocrx_word' id='word_1_427' title='bbox 1073 2892 1258 2975; x_wconf 89' lang='lat' dir='ltr'>opulentiae</span> 
     </span>
     <span class='ocr_line' id='line_1_32' title="bbox 290 2978 1258 3058; baseline -0.002 -14"><span class='ocrx_word' id='word_1_428' title='bbox 290 2992 324 3044; x_wconf 90' lang='lat' dir='ltr'>te</span> <span class='ocrx_word' id='word_1_429' title='bbox 356 2987 477 3055; x_wconf 89' lang='lat' dir='ltr'>manet,</span> <span class='ocrx_word' id='word_1_430' title='bbox 506 3001 570 3045; x_wconf 91' lang='lat' dir='ltr'>non</span> <span class='ocrx_word' id='word_1_431' title='bbox 598 2980 737 3058; x_wconf 89' lang='lat' dir='ltr'>invideo,</span> <span class='ocrx_word' id='word_1_432' title='bbox 766 2980 861 3045; x_wconf 93' lang='lat' dir='ltr'>modo</span> <span class='ocrx_word' id='word_1_433' title='bbox 894 2980 934 3045; x_wconf 90' lang='lat' dir='ltr'>ab</span> <span class='ocrx_word' id='word_1_434' title='bbox 964 3000 1077 3043; x_wconf 88' lang='lat' dir='ltr'>eorum</span> <span class='ocrx_word' id='word_1_435' title='bbox 1098 2978 1258 3043; x_wconf 89' lang='lat' dir='ltr'>illecebris</span> 
     </span>
     <span class='ocr_line' id='line_1_33' title="bbox 290 3062 1256 3148; baseline 0.001 -20"><span class='ocrx_word' id='word_1_436' title='bbox 290 3085 356 3129; x_wconf 91' lang='lat' dir='ltr'>non</span> <span class='ocrx_word' id='word_1_437' title='bbox 389 3086 483 3130; x_wconf 90' lang='lat' dir='ltr'>secus</span> <span class='ocrx_word' id='word_1_438' title='bbox 514 3076 611 3148; x_wconf 87' lang='lat' dir='ltr'>atque</span> <span class='ocrx_word' id='word_1_439' title='bbox 639 3066 826 3132; x_wconf 88' lang='lat' dir='ltr'>exitialibus</span> <span class='ocrx_word' id='word_1_440' title='bbox 859 3066 995 3130; x_wconf 90' lang='lat' dir='ltr'>venenis</span> <span class='ocrx_word' id='word_1_441' title='bbox 1037 3062 1098 3128; x_wconf 93' lang='lat' dir='ltr'>tibi</span> <span class='ocrx_word' id='word_1_442' title='bbox 1130 3084 1256 3130; x_wconf 83' lang='lat' dir='ltr'>caveas.</span> 
     </span>
     <span class='ocr_line' id='line_1_34' title="bbox 291 3150 1256 3233; baseline 0 -21"><span class='ocrx_word' id='word_1_443' title='bbox 291 3150 388 3224; x_wconf 84' lang='lat' dir='ltr'>Vale,</span> <span class='ocrx_word' id='word_1_444' title='bbox 422 3151 524 3215; x_wconf 87' lang='lat' dir='ltr'>frater</span> <span class='ocrx_word' id='word_1_445' title='bbox 552 3151 633 3215; x_wconf 93' lang='lat' dir='ltr'>mihi</span> <span class='ocrx_word' id='word_1_446' title='bbox 663 3151 837 3217; x_wconf 73' lang='lat' dir='ltr'>canssime.</span> <span class='ocrx_word' id='word_1_447' title='bbox 881 3151 1044 3216; x_wconf 89' lang='lat' dir='ltr'>Dominus</span> <span class='ocrx_word' id='word_1_448' title='bbox 1076 3160 1109 3213; x_wconf 92' lang='lat' dir='ltr'>te</span> <span class='ocrx_word' id='word_1_449' title='bbox 1140 3150 1256 3233; x_wconf 89' lang='lat' dir='ltr'>spiritu</span> 
     </span>
     <span class='ocr_line' id='line_1_35' title="bbox 291 3234 1258 3320; baseline -0.002 -19"><span class='ocrx_word' id='word_1_450' title='bbox 291 3256 350 3301; x_wconf 90' lang='lat' dir='ltr'>suo</span> <span class='ocrx_word' id='word_1_451' title='bbox 381 3235 423 3300; x_wconf 90' lang='lat' dir='ltr'>ad</span> <span class='ocrx_word' id='word_1_452' title='bbox 454 3244 638 3301; x_wconf 91' lang='lat' dir='ltr'>extremum</span> <span class='ocrx_word' id='word_1_453' title='bbox 666 3247 768 3320; x_wconf 85' lang='lat' dir='ltr'>regat,</span> <span class='ocrx_word' id='word_1_454' title='bbox 801 3235 962 3319; x_wconf 88' lang='lat' dir='ltr'>praesidio</span> <span class='ocrx_word' id='word_1_455' title='bbox 996 3242 1138 3313; x_wconf 88' lang='lat' dir='ltr'>tueatur,</span> <span class='ocrx_word' id='word_1_456' title='bbox 1168 3234 1258 3300; x_wconf 92' lang='lat' dir='ltr'>omni</span> 
     </span>
     <span class='ocr_line' id='line_1_36' title="bbox 291 3319 1256 3406; baseline 0.002 -22"><span class='ocrx_word' id='word_1_457' title='bbox 291 3342 410 3405; x_wconf 81' lang='lat' dir='ltr'>genere</span> <span class='ocrx_word' id='word_1_458' title='bbox 421 3321 655 3388; x_wconf 90' lang='lat' dir='ltr'>benedictionis</span> <span class='ocrx_word' id='word_1_459' title='bbox 673 3322 853 3406; x_wconf 89' lang='lat' dir='ltr'>locupletet.</span> <span class='ocrx_word' id='word_1_460' title='bbox 883 3320 996 3387; x_wconf 89' lang='lat' dir='ltr'>Idibus</span> <span class='ocrx_word' id='word_1_461' title='bbox 1016 3319 1139 3404; x_wconf 85' lang='lat' dir='ltr'>Aprilis</span> <span class='ocrx_word' id='word_1_462' title='bbox 1164 3324 1256 3386; x_wconf 79' lang='grc'>1556.</span> 
     </span>
    </p>
   </div>
   <div class='ocr_carea' id='block_1_6' title="bbox 511 4107 1039 4328">
    <p class='ocr_par' dir='ltr' id='par_1_6' title="bbox 511 4107 1039 4328">
     <span class='ocr_line' id='line_1_37' title="bbox 728 4107 823 4179; baseline 0.032 -3"><span class='ocrx_word' id='word_1_463' title='bbox 728 4107 823 4179; x_wconf 79' lang='lat'>2431.</span> 
     </span>
     <span class='ocr_line' id='line_1_38' title="bbox 511 4260 1039 4328; baseline 0 -3"><span class='ocrx_word' id='word_1_464' title='bbox 511 4260 800 4328; x_wconf 80' lang='lat' dir='ltr'>LISMANINUS</span> <span class='ocrx_word' id='word_1_465' title='bbox 822 4262 1039 4328; x_wconf 82' lang='lat' dir='ltr'><strong>GALVINO.</strong></span> 
     </span>
    </p>
   </div>
   <div class='ocr_carea' id='block_1_7' title="bbox 379 4430 1171 4515">
    <p class='ocr_par' dir='ltr' id='par_1_7' title="bbox 379 4430 1171 4515">
     <span class='ocr_line' id='line_1_39' title="bbox 379 4430 1171 4515; baseline 0.001 -20"><span class='ocrx_word' id='word_1_466' title='bbox 379 4430 527 4497; x_wconf 80' lang='lat' dir='ltr'>Poloaica</span> <span class='ocrx_word' id='word_1_467' title='bbox 555 4433 708 4513; x_wconf 62' lang='lat' dir='ltr'>qaudam</span> <span class='ocrx_word' id='word_1_468' title='bbox 722 4436 838 4515; x_wconf 80' lang='lat' dir='ltr'>paucis</span> <span class='ocrx_word' id='word_1_469' title='bbox 860 4439 971 4498; x_wconf 81' lang='lat' dir='ltr'>narrat</span> <span class='ocrx_word' id='word_1_470' title='bbox 992 4439 1020 4498; x_wconf 77' lang='lat' dir='ltr'>et</span> <span class='ocrx_word' id='word_1_471' title='bbox 1041 4434 1171 4515; x_wconf 78' lang='lat' dir='ltr'>expedit.</span> 
     </span>
    </p>
   </div>
   <div class='ocr_carea' id='block_1_8' title="bbox 436 4601 1113 4672">
    <p class='ocr_par' dir='ltr' id='par_1_8' title="bbox 436 4601 1113 4672">
     <span class='ocr_line' id='line_1_40' title="bbox 436 4601 1113 4672; baseline 0.006 -19"><span class='ocrx_word' id='word_1_472' title='bbox 436 4601 493 4666; x_wconf 75' lang='lat' dir='ltr'>(Ex</span> <span class='ocrx_word' id='word_1_473' title='bbox 511 4603 677 4671; x_wconf 78' lang='lat' dir='ltr'>autographo</span> <span class='ocrx_word' id='word_1_474' title='bbox 695 4604 759 4658; x_wconf 82' lang='lat' dir='ltr'>cod.</span> <span class='ocrx_word' id='word_1_475' title='bbox 778 4604 879 4657; x_wconf 83' lang='lat' dir='ltr'>Gener.</span> <span class='ocrx_word' id='word_1_476' title='bbox 897 4602 956 4668; x_wconf 88' lang='lat'>110,</span> <span class='ocrx_word' id='word_1_477' title='bbox 975 4605 1021 4658; x_wconf 82' lang='lat' dir='ltr'>iol.</span> <span class='ocrx_word' id='word_1_478' title='bbox 1041 4603 1113 4672; x_wconf 83' lang='grc'>117.)</span> 
     </span>
    </p>
   </div>
   <div class='ocr_carea' id='block_1_9' title="bbox 290 4771 1257 5026">
    <p class='ocr_par' dir='ltr' id='par_1_9' title="bbox 290 4771 1257 5026">
     <span class='ocr_line' id='line_1_41' title="bbox 376 4771 1257 4841; baseline 0.007 -6"><span class='ocrx_word' id='word_1_479' title='bbox 376 4771 565 4837; x_wconf 76' lang='lat' dir='ltr'>Clarissimo</span> <span class='ocrx_word' id='word_1_480' title='bbox 601 4777 671 4840; x_wconf 91' lang='lat' dir='ltr'>viro</span> <span class='ocrx_word' id='word_1_481' title='bbox 704 4776 744 4840; x_wconf 91' lang='lat' dir='ltr'>D.</span> <span class='ocrx_word' id='word_1_482' title='bbox 784 4775 897 4839; x_wconf 90' lang='lat' dir='ltr'>Ioanni</span> <span class='ocrx_word' id='word_1_483' title='bbox 931 4774 1070 4841; x_wconf 83' lang='lat' dir='ltr'>Calvino</span> <span class='ocrx_word' id='word_1_484' title='bbox 1103 4775 1257 4841; x_wconf 90' lang='lat' dir='ltr'>ecclesiae</span> 
     </span>
     <span class='ocr_line' id='line_1_42' title="bbox 292 4856 1257 4944; baseline 0.005 -23"><span class='ocrx_word' id='word_1_485' title='bbox 292 4856 496 4923; x_wconf 84' lang='lat' dir='ltr'>Genevensis</span> <span class='ocrx_word' id='word_1_486' title='bbox 518 4859 768 4943; x_wconf 83' lang='lat' dir='ltr'>vigilantissimo</span> <span class='ocrx_word' id='word_1_487' title='bbox 790 4874 823 4924; x_wconf 91' lang='lat' dir='ltr'>et</span> <span class='ocrx_word' id='word_1_488' title='bbox 846 4859 1033 4926; x_wconf 86' lang='lat' dir='ltr'>fidelissimo</span> <span class='ocrx_word' id='word_1_489' title='bbox 1056 4862 1179 4944; x_wconf 90' lang='lat' dir='ltr'>pastori</span> <span class='ocrx_word' id='word_1_490' title='bbox 1201 4862 1257 4926; x_wconf 92' lang='lat' dir='ltr'>do-</span> 
     </span>
     <span class='ocr_line' id='line_1_43' title="bbox 290 4944 796 5026; baseline 0.002 -20"><span class='ocrx_word' id='word_1_491' title='bbox 290 4944 378 5007; x_wconf 93' lang='lat' dir='ltr'>mino</span> <span class='ocrx_word' id='word_1_492' title='bbox 401 4954 434 5007; x_wconf 90' lang='lat' dir='ltr'>et</span> <span class='ocrx_word' id='word_1_493' title='bbox 456 4947 538 5026; x_wconf 88' lang='lat' dir='ltr'>patri</span> <span class='ocrx_word' id='word_1_494' title='bbox 561 4946 796 5011; x_wconf 91' lang='lat' dir='ltr'>colendissimo.</span> 
     </span>
    </p>
   </div>
   <div class='ocr_carea' id='block_1_10' title="bbox 1005 5033 1170 5098">
    <p class='ocr_par' dir='ltr' id='par_1_10' title="bbox 1005 5033 1170 5098">
     <span class='ocr_line' id='line_1_44' title="bbox 1005 5033 1170 5098; baseline 0 0"><span class='ocrx_word' id='word_1_495' title='bbox 1005 5033 1170 5098; x_wconf 82' lang='lat' dir='ltr'>Genavae.</span> 
     </span>
    </p>
   </div>
   <div class='ocr_carea' id='block_1_11' title="bbox 347 5174 1207 5284">
    <p class='ocr_par' dir='ltr' id='par_1_11' title="bbox 347 5174 1207 5284">
     <span class='ocr_line' id='line_1_45' title="bbox 347 5174 1207 5284; baseline 0.01 -21"><span class='ocrx_word' id='word_1_496' title='bbox 347 5199 498 5263; x_wconf 84' lang='lat' dir='ltr'>Gratiam</span> <span class='ocrx_word' id='word_1_497' title='bbox 521 5220 603 5282; x_wconf 88' lang='lat' dir='ltr'>quae</span> <span class='ocrx_word' id='word_1_498' title='bbox 625 5213 675 5266; x_wconf 89' lang='lat' dir='ltr'>est</span> <span class='ocrx_word' id='word_1_499' title='bbox 697 5223 755 5284; x_wconf 90' lang='lat' dir='ltr'>per</span> <span class='ocrx_word' id='word_1_500' title='bbox 776 5174 886 5266; x_wconf 84' lang='lat' dir='ltr'>lesum</span> <span class='ocrx_word' id='word_1_501' title='bbox 908 5203 1079 5269; x_wconf 83' lang='lat' dir='ltr'>Christum</span> <span class='ocrx_word' id='word_1_502' title='bbox 1101 5206 1143 5271; x_wconf 93' lang='lat' dir='ltr'>D.</span> <span class='ocrx_word' id='word_1_503' title='bbox 1167 5205 1207 5272; x_wconf 92' lang='lat' dir='ltr'>N.</span> 
     </span>
    </p>
   </div>
   <div class='ocr_carea' id='block_1_12' title="bbox 1669 2690 2193 2758">
    <p class='ocr_par' dir='ltr' id='par_1_12' title="bbox 1669 2690 2193 2758">
     <span class='ocr_line' id='line_1_46' title="bbox 1669 2690 2193 2758; baseline 0 -4"><span class='ocrx_word' id='word_1_504' title='bbox 1669 2691 1863 2758; x_wconf 77' lang='lat' dir='ltr'>Francisous</span> <span class='ocrx_word' id='word_1_505' title='bbox 1876 2690 2088 2756; x_wconf 86' lang='lat' dir='ltr'>Lismaninus</span> <span class='ocrx_word' id='word_1_506' title='bbox 2107 2701 2193 2756; x_wconf 89' lang='lat' dir='ltr'>tuus.</span> 
     </span>
    </p>
   </div>
   <div class='ocr_carea' id='block_1_13' title="bbox 1549 3217 2041 3439">
    <p class='ocr_par' dir='ltr' id='par_1_13' title="bbox 1549 3217 2041 3439">
     <span class='ocr_line' id='line_1_47' title="bbox 1742 3217 1843 3288; baseline 0 0"><span class='ocrx_word' id='word_1_507' title='bbox 1742 3217 1843 3288; x_wconf 77' lang='lat'><strong>2482.</strong></span> 
     </span>
     <span class='ocr_line' id='line_1_48' title="bbox 1549 3371 2041 3439; baseline 0.004 -2"><span class='ocrx_word' id='word_1_508' title='bbox 1549 3371 1799 3439; x_wconf 83' lang='lat' dir='ltr'><strong>FARELLUS</strong></span> <span class='ocrx_word' id='word_1_509' title='bbox 1823 3371 2041 3439; x_wconf 84' lang='lat' dir='ltr'>CALVINO.</span> 
     </span>
    </p>
   </div>
   <div class='ocr_carea' id='block_1_14' title="bbox 1310 3543 2283 3878">
    <p class='ocr_par' dir='ltr' id='par_1_14' title="bbox 1310 3543 2283 3878">
     <span class='ocr_line' id='line_1_49' title="bbox 1402 3543 2282 3627; baseline 0.005 -21"><span class='ocrx_word' id='word_1_510' title='bbox 1402 3543 1504 3608; x_wconf 84' lang='lat' dir='ltr'>Varia</span> <span class='ocrx_word' id='word_1_511' title='bbox 1532 3543 1627 3609; x_wconf 74' lang='lat' dir='ltr'>obiter</span> <span class='ocrx_word' id='word_1_512' title='bbox 1655 3544 1693 3610; x_wconf 79' lang='lat' dir='ltr'>ds</span> <span class='ocrx_word' id='word_1_513' title='bbox 1724 3543 1816 3609; x_wconf 78' lang='lat' dir='ltr'>retas</span> <span class='ocrx_word' id='word_1_514' title='bbox 1847 3565 1928 3627; x_wconf 78' lang='lat' dir='ltr'>qaae</span> <span class='ocrx_word' id='word_1_515' title='bbox 1959 3565 1997 3608; x_wconf 78' lang='lat' dir='ltr'>ea</span> <span class='ocrx_word' id='word_1_516' title='bbox 2027 3549 2121 3627; x_wconf 68' lang='lat' dir='ltr'>panc</span> <span class='ocrx_word' id='word_1_517' title='bbox 2161 3550 2282 3610; x_wconf 67' lang='lat' dir='ltr'>aava</span> 
     </span>
     <span class='ocr_line' id='line_1_50' title="bbox 1310 3628 2283 3713; baseline 0.002 -19"><span class='ocrx_word' id='word_1_518' title='bbox 1310 3628 1438 3694; x_wconf 78' lang='lat' dir='ltr'>aliunde</span> <span class='ocrx_word' id='word_1_519' title='bbox 1468 3631 1570 3713; x_wconf 71' lang='lat' dir='ltr'>mayis</span> <span class='ocrx_word' id='word_1_520' title='bbox 1602 3631 1689 3697; x_wconf 77' lang='lat' dir='ltr'>nobis</span> <span class='ocrx_word' id='word_1_521' title='bbox 1720 3632 1920 3696; x_wconf 79' lang='lat' dir='ltr'>innotuerant</span> <span class='ocrx_word' id='word_1_522' title='bbox 1947 3651 2044 3712; x_wconf 76' lang='lat' dir='ltr'>qaam</span> <span class='ocrx_word' id='word_1_523' title='bbox 2064 3651 2103 3696; x_wconf 82' lang='lat' dir='ltr'>ec</span> <span class='ocrx_word' id='word_1_524' title='bbox 2122 3632 2209 3696; x_wconf 63' lang='lat' dir='ltr'>botis</span> <span class='ocrx_word' id='word_1_525' title='bbox 2225 3651 2283 3696; x_wconf 75' lang='lat' dir='ltr'>aa·</span> 
     </span>
     <span class='ocr_line' id='line_1_51' title="bbox 1310 3714 2280 3796; baseline 0.004 -17"><span class='ocrx_word' id='word_1_526' title='bbox 1310 3714 1387 3779; x_wconf 83' lang='lat' dir='ltr'>toris</span> <span class='ocrx_word' id='word_1_527' title='bbox 1414 3714 1524 3780; x_wconf 68' lang='lat' dir='ltr'>vata.</span> <span class='ocrx_word' id='word_1_528' title='bbox 1566 3714 1726 3782; x_wconf 77' lang='lat' dir='ltr'>Pertiasat</span> <span class='ocrx_word' id='word_1_529' title='bbox 1757 3736 1828 3782; x_wconf 79' lang='lat' dir='ltr'>uero</span> <span class='ocrx_word' id='word_1_530' title='bbox 1860 3717 1998 3781; x_wconf 70' lang='lat' dir='ltr'>maxime</span> <span class='ocrx_word' id='word_1_531' title='bbox 2015 3717 2059 3782; x_wconf 84' lang='lat' dir='ltr'>ad</span> <span class='ocrx_word' id='word_1_532' title='bbox 2088 3716 2280 3796; x_wconf 64' lang='lat' dir='ltr'>wasemes,</span> 
     </span>
     <span class='ocr_line' id='line_1_52' title="bbox 1312 3799 1700 3878; baseline 0.01 -15"><span class='ocrx_word' id='word_1_533' title='bbox 1312 3799 1518 3878; x_wconf 70' lang='lat' dir='ltr'>Parisiorum,</span> <span class='ocrx_word' id='word_1_534' title='bbox 1544 3800 1700 3869; x_wconf 81' lang='lat' dir='ltr'>Graanoa</span> 
     </span>
    </p>
   </div>
   <div class='ocr_carea' id='block_1_15' title="bbox 1308 3987 2283 5291">
    <p class='ocr_par' dir='ltr' id='par_1_15' title="bbox 1309 3987 2283 4412">
     <span class='ocr_line' id='line_1_53' title="bbox 1311 3987 2283 4058; baseline 0.003 -16"><span class='ocrx_word' id='word_1_535' title='bbox 1311 3987 1446 4055; x_wconf 69' lang='grc'>14311)</span> <span class='ocrx_word' id='word_1_536' title='bbox 1466 3988 1577 4056; x_wconf 78' lang='lat' dir='ltr'>Scripta</span> <span class='ocrx_word' id='word_1_537' title='bbox 1602 3995 1643 4042; x_wconf 81' lang='lat' dir='ltr'>eat</span> <span class='ocrx_word' id='word_1_538' title='bbox 1668 3989 1734 4042; x_wconf 81' lang='lat' dir='ltr'>baec</span> <span class='ocrx_word' id='word_1_539' title='bbox 1755 3989 1868 4057; x_wconf 64' lang='lat' dir='ltr'>epotata</span> <span class='ocrx_word' id='word_1_540' title='bbox 1885 4002 1940 4058; x_wconf 72' lang='lat' dir='ltr'>quo</span> <span class='ocrx_word' id='word_1_541' title='bbox 1964 3993 2083 4057; x_wconf 73' lang='lat' dir='ltr'>tenpore</span> <span class='ocrx_word' id='word_1_542' title='bbox 2099 3989 2283 4045; x_wconf 66' lang='lat' dir='ltr'>almaniae</span> 
     </span>
     <span class='ocr_line' id='line_1_54' title="bbox 1310 4057 2281 4128; baseline 0.002 -17"><span class='ocrx_word' id='word_1_543' title='bbox 1310 4059 1394 4112; x_wconf 80' lang='lat' dir='ltr'>latere</span> <span class='ocrx_word' id='word_1_544' title='bbox 1405 4057 1645 4112; x_wconf 70' lang='lat' dir='ltr'>caadueaondum</span> <span class='ocrx_word' id='word_1_545' title='bbox 1661 4059 1691 4110; x_wconf 80' lang='lat' dir='ltr'>in</span> <span class='ocrx_word' id='word_1_546' title='bbox 1708 4060 1781 4123; x_wconf 65' lang='lat' dir='ltr'>repis</span> <span class='ocrx_word' id='word_1_547' title='bbox 1792 4059 1912 4126; x_wconf 72' lang='lat' dir='ltr'>aratiam</span> <span class='ocrx_word' id='word_1_548' title='bbox 1930 4064 2053 4126; x_wconf 72' lang='lat' dir='ltr'>receptus</span> <span class='ocrx_word' id='word_1_549' title='bbox 2067 4058 2171 4123; x_wconf 59' lang='lat' dir='ltr'>fuam.</span> <span class='ocrx_word' id='word_1_550' title='bbox 2198 4059 2281 4128; x_wconf 76' lang='lat' dir='ltr'>Epie-</span> 
     </span>
     <span class='ocr_line' id='line_1_55' title="bbox 1310 4124 2282 4195; baseline 0.003 -15"><span class='ocrx_word' id='word_1_551' title='bbox 1310 4128 1373 4194; x_wconf 79' lang='lat' dir='ltr'>oopi</span> <span class='ocrx_word' id='word_1_552' title='bbox 1388 4126 1422 4180; x_wconf 81' lang='lat' dir='ltr'>de</span> <span class='ocrx_word' id='word_1_553' title='bbox 1438 4129 1497 4180; x_wconf 81' lang='lat' dir='ltr'>eiua</span> <span class='ocrx_word' id='word_1_554' title='bbox 1514 4125 1633 4180; x_wconf 74' lang='grc' dir='ltr'>αάιιιιιιιι</span> <span class='ocrx_word' id='word_1_555' title='bbox 1649 4129 1776 4179; x_wconf 77' lang='lat' dir='ltr'>certiores</span> <span class='ocrx_word' id='word_1_556' title='bbox 1796 4126 1868 4192; x_wconf 61' lang='lat' dir='ltr'>[aab</span> <span class='ocrx_word' id='word_1_557' title='bbox 1882 4124 2042 4181; x_wconf 61' lang='lat' dir='ltr'>mammea</span> <span class='ocrx_word' id='word_1_558' title='bbox 2063 4129 2168 4195; x_wconf 70' lang='lat' dir='ltr'>reatum</span> <span class='ocrx_word' id='word_1_559' title='bbox 2185 4135 2282 4183; x_wconf 66' lang='lat' dir='ltr'>canuc</span> 
     </span>
     <span class='ocr_line' id='line_1_56' title="bbox 1310 4195 2281 4318; baseline -0.001 -70"><span class='ocrx_word' id='word_1_560' title='bbox 1310 4195 1576 4318; x_wconf 36' lang='grc' dir='ltr'>εαῶρὸιίιιὲῠενιιιιὶἳ</span> <span class='ocrx_word' id='word_1_561' title='bbox 1586 4195 1999 4318; x_wconf 49' lang='grc' dir='ltr'>Μςηαιθσάοθῖαοηοπηνὶέἔωρνο</span> <span class='ocrx_word' id='word_1_562' title='bbox 2016 4197 2281 4318; x_wconf 50' lang='grc' dir='ltr'>«Ξίόιιιηωιεῖωι</span> 
     </span>
     <span class='ocr_line' id='line_1_57' title="bbox 1309 4263 2283 4412; baseline 0.004 -96"><span class='ocrx_word' id='word_1_563' title='bbox 1309 4263 1438 4386; x_wconf 36' lang='lat' dir='ltr'>pedam.</span> <span class='ocrx_word' id='word_1_564' title='bbox 1480 4267 1528 4386; x_wconf 45' lang='lat'>83¹1</span> <span class='ocrx_word' id='word_1_565' title='bbox 1529 4333 1564 4399; x_wconf 69' lang='lat'>1&#39;9·</span> <span class='ocrx_word' id='word_1_566' title='bbox 1573 4263 1635 4385; x_wconf 60' lang='lat' dir='ltr'>ollloo</span> <span class='ocrx_word' id='word_1_567' title='bbox 1632 4279 1707 4397; x_wconf 50' lang='lat'><strong>60⁶3.)</strong></span> <span class='ocrx_word' id='word_1_568' title='bbox 1753 4271 1823 4412; x_wconf 81' lang='lat' dir='ltr'>atur¹</span> <span class='ocrx_word' id='word_1_569' title='bbox 1840 4281 1874 4316; x_wconf 80' lang='lat' dir='ltr'>m.</span> <span class='ocrx_word' id='word_1_570' title='bbox 1959 4281 2005 4412; x_wconf 66' lang='lat' dir='ltr'>cta</span> <span class='ocrx_word' id='word_1_571' title='bbox 2037 4402 2043 4412; x_wconf 36' lang='grc' dir='ltr'>Ι</span> <span class='ocrx_word' id='word_1_572' title='bbox 2064 4280 2110 4319; x_wconf 80' lang='lat' dir='ltr'>oro</span> <span class='ocrx_word' id='word_1_573' title='bbox 2132 4266 2175 4319; x_wconf 79' lang='lat' dir='ltr'>oei</span> <span class='ocrx_word' id='word_1_574' title='bbox 2216 4280 2283 4320; x_wconf 76' lang='lat' dir='ltr'>utero</span> 
     </span>
    </p>

    <p class='ocr_par' dir='ltr' id='par_1_16' title="bbox 1308 4398 2283 5088">
     <span class='ocr_line' id='line_1_58' title="bbox 1411 4398 2282 4466; baseline 0.006 -15"><span class='ocrx_word' id='word_1_575' title='bbox 1411 4398 1440 4466; x_wconf 82' lang='lat'>2)</span> <span class='ocrx_word' id='word_1_576' title='bbox 1501 4400 1707 4454; x_wconf 67' lang='lat' dir='ltr'>translatorias</span> <span class='ocrx_word' id='word_1_577' title='bbox 1724 4416 1757 4455; x_wconf 76' lang='lat' dir='ltr'>ca</span> <span class='ocrx_word' id='word_1_578' title='bbox 1772 4399 1928 4454; x_wconf 68' lang='lat' dir='ltr'>Tbeoaoelle.</span> <span class='ocrx_word' id='word_1_579' title='bbox 1955 4401 2019 4454; x_wconf 85' lang='lat' dir='ltr'>Fmt</span> <span class='ocrx_word' id='word_1_580' title='bbox 2034 4417 2058 4453; x_wconf 85' lang='lat' dir='ltr'>ra</span> <span class='ocrx_word' id='word_1_581' title='bbox 2067 4401 2178 4456; x_wconf 73' lang='lat' dir='ltr'>radone</span> <span class='ocrx_word' id='word_1_582' title='bbox 2187 4401 2282 4456; x_wconf 78' lang='lat' dir='ltr'>Gallus</span> 
     </span>
     <span class='ocr_line' id='line_1_59' title="bbox 1310 4469 2281 4538; baseline 0.003 -16"><span class='ocrx_word' id='word_1_583' title='bbox 1310 4470 1356 4538; x_wconf 90' lang='lat' dir='ltr'>qui</span> <span class='ocrx_word' id='word_1_584' title='bbox 1375 4469 1485 4522; x_wconf 80' lang='lat' dir='ltr'>Genava</span> <span class='ocrx_word' id='word_1_585' title='bbox 1503 4469 1686 4523; x_wconf 88' lang='lat' dir='ltr'>Lismaninum</span> <span class='ocrx_word' id='word_1_586' title='bbox 1709 4470 1737 4522; x_wconf 91' lang='lat' dir='ltr'>in</span> <span class='ocrx_word' id='word_1_587' title='bbox 1755 4469 1895 4522; x_wconf 88' lang='lat' dir='ltr'>Poloniam</span> <span class='ocrx_word' id='word_1_588' title='bbox 1919 4474 2049 4538; x_wconf 84' lang='lat' dir='ltr'>sequutus</span> <span class='ocrx_word' id='word_1_589' title='bbox 2072 4470 2157 4523; x_wconf 91' lang='lat' dir='ltr'>libros</span> <span class='ocrx_word' id='word_1_590' title='bbox 2176 4471 2281 4525; x_wconf 84' lang='lat' dir='ltr'>Servati</span> 
     </span>
     <span class='ocr_line' id='line_1_60' title="bbox 1309 4537 2282 4609; baseline 0.002 -18"><span class='ocrx_word' id='word_1_591' title='bbox 1309 4554 1399 4591; x_wconf 85' lang='lat' dir='ltr'>secum</span> <span class='ocrx_word' id='word_1_592' title='bbox 1417 4538 1547 4592; x_wconf 86' lang='lat' dir='ltr'>attulerat</span> <span class='ocrx_word' id='word_1_593' title='bbox 1564 4544 1592 4591; x_wconf 91' lang='lat' dir='ltr'>et</span> <span class='ocrx_word' id='word_1_594' title='bbox 1610 4538 1734 4608; x_wconf 78' lang='lat' dir='ltr'>regimini</span> <span class='ocrx_word' id='word_1_595' title='bbox 1752 4538 1867 4591; x_wconf 88' lang='lat' dir='ltr'>celebris</span> <span class='ocrx_word' id='word_1_596' title='bbox 1886 4537 1993 4592; x_wconf 88' lang='lat' dir='ltr'>scholae</span> <span class='ocrx_word' id='word_1_597' title='bbox 2005 4538 2200 4593; x_wconf 81' lang='lat' dir='ltr'>Pincaovianae</span> <span class='ocrx_word' id='word_1_598' title='bbox 2218 4546 2282 4609; x_wconf 89' lang='lat' dir='ltr'>post</span> 
     </span>
     <span class='ocr_line' id='line_1_61' title="bbox 1310 4605 2283 4676; baseline 0.005 -17"><span class='ocrx_word' id='word_1_599' title='bbox 1310 4607 1423 4659; x_wconf 87' lang='lat' dir='ltr'>Paulum</span> <span class='ocrx_word' id='word_1_600' title='bbox 1441 4607 1580 4661; x_wconf 89' lang='lat' dir='ltr'>Orsaoium</span> <span class='ocrx_word' id='word_1_601' title='bbox 1598 4607 1730 4661; x_wconf 85' lang='lat' dir='ltr'>admotus.</span> <span class='ocrx_word' id='word_1_602' title='bbox 1758 4606 1887 4670; x_wconf 73' lang='lat' dir='ltr'>(laocn.</span> <span class='ocrx_word' id='word_1_603' title='bbox 1906 4605 1980 4668; x_wconf 81' lang='lat'>148.)</span> <span class='ocrx_word' id='word_1_604' title='bbox 2007 4606 2182 4676; x_wconf 61' lang='lat' dir='ltr'>Dusarem</span> <span class='ocrx_word' id='word_1_605' title='bbox 2191 4608 2283 4664; x_wconf 76' lang='lat' dir='ltr'>Betae</span> 
     </span>
     <span class='ocr_line' id='line_1_62' title="bbox 1309 4673 2281 4741; baseline 0 -12"><span class='ocrx_word' id='word_1_606' title='bbox 1309 4675 1376 4729; x_wconf 78' lang='lat' dir='ltr'>dicit</span> <span class='ocrx_word' id='word_1_607' title='bbox 1396 4675 1482 4731; x_wconf 78' lang='lat' dir='ltr'>Saad.</span> <span class='ocrx_word' id='word_1_608' title='bbox 1498 4675 1560 4730; x_wconf 74' lang='lat' dir='ltr'>abt</span> <span class='ocrx_word' id='word_1_609' title='bbox 1577 4679 1672 4731; x_wconf 79' lang='lat' dir='ltr'>autitr.</span> <span class='ocrx_word' id='word_1_610' title='bbox 1689 4674 1724 4729; x_wconf 77' lang='grc'>41</span> <span class='ocrx_word' id='word_1_611' title='bbox 1741 4683 1766 4729; x_wconf 78' lang='lat' dir='ltr'>ct</span> <span class='ocrx_word' id='word_1_612' title='bbox 1783 4692 1808 4728; x_wconf 91' lang='lat' dir='ltr'>a.</span> <span class='ocrx_word' id='word_1_613' title='bbox 1827 4673 1896 4728; x_wconf 84' lang='grc'>1669</span> <span class='ocrx_word' id='word_1_614' title='bbox 1906 4676 1946 4741; x_wconf 61' lang='grc' dir='ltr'>(Β)</span> <span class='ocrx_word' id='word_1_615' title='bbox 1963 4679 1994 4728; x_wconf 71' lang='lat' dir='ltr'>ia</span> <span class='ocrx_word' id='word_1_616' title='bbox 2007 4675 2152 4731; x_wconf 71' lang='lat' dir='ltr'>Patauium</span> <span class='ocrx_word' id='word_1_617' title='bbox 2168 4680 2281 4733; x_wconf 61' lang='lat' dir='ltr'>osam</span> 
     </span>
     <span class='ocr_line' id='line_1_63' title="bbox 1313 4743 2282 4808; baseline 0.004 -10"><span class='ocrx_word' id='word_1_618' title='bbox 1313 4743 1444 4798; x_wconf 78' lang='lat' dir='ltr'>Oratione</span> <span class='ocrx_word' id='word_1_619' title='bbox 1459 4744 1572 4808; x_wconf 65' lang='lat' dir='ltr'>funem</span> <span class='ocrx_word' id='word_1_620' title='bbox 1587 4745 1707 4800; x_wconf 82' lang='lat' dir='ltr'>Luscum</span> <span class='ocrx_word' id='word_1_621' title='bbox 1725 4743 1851 4799; x_wconf 69' lang='lat' dir='ltr'>Mudauit</span> <span class='ocrx_word' id='word_1_622' title='bbox 1866 4760 1892 4797; x_wconf 83' lang='lat' dir='ltr'>a.</span> <span class='ocrx_word' id='word_1_623' title='bbox 1913 4745 1939 4798; x_wconf 85' lang='lat' dir='ltr'>d.</span> <span class='ocrx_word' id='word_1_624' title='bbox 1956 4743 2012 4798; x_wconf 86' lang='lat' dir='ltr'>IV.</span> <span class='ocrx_word' id='word_1_625' title='bbox 2033 4743 2091 4799; x_wconf 82' lang='lat' dir='ltr'>cat.</span> <span class='ocrx_word' id='word_1_626' title='bbox 2103 4745 2185 4801; x_wconf 78' lang='lat' dir='ltr'>Febr.</span> <span class='ocrx_word' id='word_1_627' title='bbox 2205 4746 2282 4802; x_wconf 82' lang='grc'>1560.</span> 
     </span>
     <span class='ocr_line' id='line_1_64' title="bbox 1310 4811 2280 4886; baseline 0.003 -20"><span class='ocrx_word' id='word_1_628' title='bbox 1310 4813 1379 4867; x_wconf 77' lang='lat' dir='ltr'>Fuit</span> <span class='ocrx_word' id='word_1_629' title='bbox 1396 4829 1430 4866; x_wconf 79' lang='lat' dir='ltr'>ec</span> <span class='ocrx_word' id='word_1_630' title='bbox 1447 4815 1483 4866; x_wconf 79' lang='lat' dir='ltr'>iia</span> <span class='ocrx_word' id='word_1_631' title='bbox 1500 4814 1550 4883; x_wconf 81' lang='lat' dir='ltr'>qui</span> <span class='ocrx_word' id='word_1_632' title='bbox 1567 4811 1594 4866; x_wconf 75' lang='lat' dir='ltr'>S.</span> <span class='ocrx_word' id='word_1_633' title='bbox 1614 4811 1641 4866; x_wconf 83' lang='lat' dir='ltr'>S.</span> <span class='ocrx_word' id='word_1_634' title='bbox 1665 4816 1696 4867; x_wconf 82' lang='lat' dir='ltr'>ia</span> <span class='ocrx_word' id='word_1_635' title='bbox 1719 4814 1841 4882; x_wconf 69' lang='lat' dir='ltr'>linquam</span> <span class='ocrx_word' id='word_1_636' title='bbox 1862 4812 2136 4881; x_wconf 68' lang='lat' dir='ltr'>adhucconvertere</span> <span class='ocrx_word' id='word_1_637' title='bbox 2159 4829 2280 4886; x_wconf 72' lang='lat' dir='ltr'>mcepe</span> 
     </span>
     <span class='ocr_line' id='line_1_65' title="bbox 1308 4880 2281 4951; baseline 0.004 -16"><span class='ocrx_word' id='word_1_638' title='bbox 1308 4887 1381 4936; x_wconf 79' lang='lat' dir='ltr'>ruat.</span> <span class='ocrx_word' id='word_1_639' title='bbox 1416 4881 1501 4951; x_wconf 66' lang='lat' dir='ltr'>Hauc</span> <span class='ocrx_word' id='word_1_640' title='bbox 1519 4882 1570 4936; x_wconf 87' lang='lat' dir='ltr'>IX.</span> <span class='ocrx_word' id='word_1_641' title='bbox 1586 4880 1652 4934; x_wconf 75' lang='lat'>817:</span> <span class='ocrx_word' id='word_1_642' title='bbox 1679 4882 1782 4935; x_wconf 80' lang='lat' dir='ltr'>S&#39;etant</span> <span class='ocrx_word' id='word_1_643' title='bbox 1806 4882 1912 4935; x_wconf 76' lang='lat' dir='ltr'>declare&#39;</span> <span class='ocrx_word' id='word_1_644' title='bbox 1935 4888 2125 4937; x_wconf 83' lang='lat' dir='ltr'>ouvertement</span> <span class='ocrx_word' id='word_1_645' title='bbox 2167 4901 2219 4938; x_wconf 89' lang='lat' dir='ltr'>our</span> <span class='ocrx_word' id='word_1_646' title='bbox 2241 4887 2281 4939; x_wconf 78' lang='lat' dir='ltr'>les</span> 
     </span>
     <span class='ocr_line' id='line_1_66' title="bbox 1309 4950 2280 5088; baseline 0.005 -85"><span class='ocrx_word' id='word_1_647' title='bbox 1309 4951 1433 5073; x_wconf 53' lang='grc' dir='ltr'>(1)εὲοὲ</span> <span class='ocrx_word' id='word_1_648' title='bbox 1440 4951 1669 5073; x_wconf 42' lang='lat' dir='ltr'>dantigrpzifflmso</span> <span class='ocrx_word' id='word_1_649' title='bbox 1677 4952 1696 5004; x_wconf 92' lang='lat' dir='ltr'>il</span> <span class='ocrx_word' id='word_1_650' title='bbox 1706 4950 1912 5088; x_wconf 52' lang='lat' dir='ltr'>ffigfflght)</span> <span class='ocrx_word' id='word_1_651' title='bbox 1926 4952 1961 5006; x_wconf 86' lang='lat' dir='ltr'>de</span> <span class='ocrx_word' id='word_1_652' title='bbox 1979 4951 2083 5020; x_wconf 86' lang='lat' dir='ltr'>quitter</span> <span class='ocrx_word' id='word_1_653' title='bbox 2101 4953 2128 5006; x_wconf 81' lang='lat' dir='ltr'>la</span> <span class='ocrx_word' id='word_1_654' title='bbox 2159 4957 2233 5008; x_wconf 76' lang='lat' dir='ltr'>uisas</span> <span class='ocrx_word' id='word_1_655' title='bbox 2246 4969 2280 5007; x_wconf 88' lang='lat' dir='ltr'>en</span> 
     </span>
    </p>

    <p class='ocr_par' dir='ltr' id='par_1_17' title="bbox 1459 5038 1832 5073">
     <span class='ocr_line' id='line_1_67' title="bbox 1459 5038 1832 5073; baseline -0.005 0"><span class='ocrx_word' id='word_1_656' title='bbox 1459 5038 1474 5073; x_wconf 94' lang='lat' dir='ltr'>e</span> <span class='ocrx_word' id='word_1_657' title='bbox 1491 5038 1505 5072; x_wconf 90' lang='lat' dir='ltr'>s</span> <span class='ocrx_word' id='word_1_658' title='bbox 1582 5038 1591 5072; x_wconf 92' lang='grc' dir='ltr'>ι</span> <span class='ocrx_word' id='word_1_659' title='bbox 1623 5038 1637 5072; x_wconf 91' lang='lat' dir='ltr'>r</span> <span class='ocrx_word' id='word_1_660' title='bbox 1669 5038 1687 5072; x_wconf 91' lang='lat' dir='ltr'>n</span> <span class='ocrx_word' id='word_1_661' title='bbox 1827 5060 1832 5071; x_wconf 95' lang='lat'>.</span> 
     </span>
    </p>

    <p class='ocr_par' dir='ltr' id='par_1_18' title="bbox 1409 5087 1680 5149">
     <span class='ocr_line' id='line_1_68' title="bbox 1409 5087 1680 5149; baseline -0.007 -8"><span class='ocrx_word' id='word_1_662' title='bbox 1409 5087 1440 5149; x_wconf 70' lang='lat'>3]</span> <span class='ocrx_word' id='word_1_663' title='bbox 1464 5088 1531 5143; x_wconf 69' lang='lat' dir='ltr'>Viae</span> <span class='ocrx_word' id='word_1_664' title='bbox 1547 5087 1586 5143; x_wconf 86' lang='lat' dir='ltr'>N.</span> <span class='ocrx_word' id='word_1_665' title='bbox 1602 5087 1680 5143; x_wconf 77' lang='lat'><strong><em>2446.</em></strong></span> 
     </span>
    </p>

    <p class='ocr_par' dir='ltr' id='par_1_19' title="bbox 1411 5155 1593 5218">
     <span class='ocr_line' id='line_1_69' title="bbox 1411 5155 1593 5218; baseline 0.016 -9"><span class='ocrx_word' id='word_1_666' title='bbox 1411 5156 1441 5218; x_wconf 69' lang='lat'>4)</span> <span class='ocrx_word' id='word_1_667' title='bbox 1460 5157 1498 5211; x_wconf 88' lang='lat' dir='ltr'>N.</span> <span class='ocrx_word' id='word_1_668' title='bbox 1515 5155 1593 5212; x_wconf 80' lang='grc'>2366.</span> 
     </span>
    </p>

    <p class='ocr_par' dir='ltr' id='par_1_20' title="bbox 1412 5224 1506 5291">
     <span class='ocr_line' id='line_1_70' title="bbox 1412 5224 1506 5291; baseline -0.011 -13"><span class='ocrx_word' id='word_1_669' title='bbox 1412 5224 1441 5291; x_wconf 84' lang='grc'>5)</span> <span class='ocrx_word' id='word_1_670' title='bbox 1459 5228 1506 5279; x_wconf 78' lang='lat' dir='ltr'>ate.</span> 
     </span>
    </p>
   </div>
   <div class='ocr_carea' id='block_1_16' title="bbox 0 0 2386 5876">
    <p class='ocr_par' dir='ltr' id='par_1_21' title="bbox 0 0 2386 5876">
     <span class='ocr_line' id='line_1_71' title="bbox 0 0 2386 5876; baseline 0 0"><span class='ocrx_word' id='word_1_671' title='bbox 0 0 2386 5876; x_wconf 95' lang='lat' dir='ltr'> </span> 
     </span>
    </p>
   </div>
  </div>
 </body>
</html>
