4688 5902
287 319 347 382 507
1035 307 1296 377 ΕΡΙΒΤΟΙιΑΕ
1319 309 1531 374 aest-2646
2222 309 2278 370 508

284 568 286 583 ,
369 502 558 569 Clarissimo
574 507 671 582 atque
693 498 880 565 doctissimo
902 498 1052 581 theologo
1073 493 1117 560 D.
1140 495 1258 560 Ioanni
1308 515 1410 572 mum,
1433 494 1556 559 demini
1574 516 1612 561 ao
1631 496 1848 579 praeceptoris
1866 494 1968 558 nostri
1981 491 2147 577 Recens)
2180 491 2279 576 Spero

285 589 424 656 calvino
444 587 645 670 praeceptori
666 605 726 652 suo
754 582 1051 650 observandissime
1084 592 1182 664 atque
1203 602 1257 647 ca·
1308 600 1385 645 eum
1407 581 1470 662 piis
1487 581 1637 646 omnibus
1659 579 1749 646 haud
1770 581 1935 663 ingratum
1959 579 2038 655 fore,
2057 578 2113 644 ubi
2136 577 2178 642 ad
2201 578 2278 662 Sep·

285 675 421 740 sissimo.
1309 667 1468 731 tembrem
1507 666 1543 729 in
1584 666 1689 731 lucem
1728 666 1894 748 prodierit.
1949 665 2033 730 Vale
2071 667 2106 729 in
2140 663 2276 743 Christe,

1005 752 1171 818 Genavae.
1308 761 1501 834 praeceptor
1521 750 1825 829 observandissime,
1856 762 1889 815 et
1911 751 2016 816 eidem
2044 771 2105 816 nos
2134 750 2277 834 precibus

1308 838 1373 902 tuis
1406 837 1622 902 sanctissimis
1654 837 1885 904 commendare
1916 857 1959 900 ue
1991 857 2107 902 cesses.
2158 836 2276 901 Iterum

371 929 470 996 Salve
502 930 538 992 in
569 926 701 1017 Christe
740 933 929 1008 praeceptor
962 905 1258 990 observandissime
1307 924 1391 987 vale.
1422 924 1633 1006 Argentorati
1653 922 1704 988 die
1722 924 1933 989 Pentecostes
1955 923 2009 1004 qui
2030 930 2080 986 est
2103 927 2132 986 7.
2155 921 2275 1006 155111)

285 1024 383 1099 atque
405 1015 580 1081 carissime.
625 1011 897 1076 Olaetissimum
927 1012 1017 1075 hunc
1046 1010 1139 1075 nobis
1170 1009 1257 1072 diem
1308 1009 1406 1074 Anno
1431 1013 1521 1074 1557.

285 1100 493 1178 dominicum,
517 1101 571 1182 qui
590 1097 742 1163 ecclesiae
754 1097 991 1181 Argentinensi
1002 1095 1041 1160 ab
1054 1093 1258 1160 abdicatione

285 1186 381 1252 Beati
391 1189 414 1263 ¹)
441 1196 547 1250 atoto
569 1183 752 1248 ministerio
774 1183 884 1247 illuxit
914 1183 1040 1266 primus
1060 1190 1094 1245 et
1123 1191 1258 1261 exopta·

284 1273 441 1337 tissimus.
495 1270 591 1336 Nunc
631 1267 763 1332 demum
805 1290 897 1351 spem
934 1269 1064 1332 firmam
1103 1266 1257 1347 concipio,

284 1368 411 1423 mentes
433 1355 610 1421 multorum
638 1353 794 1419 haetenus
821 1367 889 1417 tam
916 1355 1009 1436 gravi
1039 1360 1073 1416 et
1102 1351 1259 1416 diuturna

286 1442 447 1509 discordia
484 1443 624 1506 offensas
662 1441 698 1503 in
736 1438 879 1504 Domino
918 1459 1034 1503 rursus
1074 1437 1257 1502 coalituras.

285 1528 397 1593 Donet
416 1528 603 1610 pacificator
624 1545 797 1608 supremus
819 1525 943 1589 homini
965 1544 1038 1588 eam
1060 1522 1199 1607 gratiam
1222 1528 1260 1586 ut
1691 1542 1895 1551 --·-

286 1621 320 1678 et
341 1614 470 1696 culpam
488 1612 567 1676 mali
589 1622 743 1696 agnoscat
765 1619 798 1674 et
815 1607 989 1675 emendare
1007 1608 1109 1673 solide
1120 1609 1258 1673 studeat

286 1698 458 1766 Dissensio
480 1699 611 1780 inquam
634 1696 675 1760 ad
704 1706 835 1761 senatus
864 1695 968 1761 nostri
994 1695 1260 1759 intercessionem

286 1785 478 1884 diuturnam
500 1803 579 1848 sane
601 1783 666 1931 isam
688 1780 819 1845 taudem
849 1781 978 1880 sublata
1007 1791 1041 1846 et
1071 1779 1260 1861 compositio
1749 1759 1847 1829 2⁶45·

285 1876 758 2036 5555555551
774 1875 1260 2017 essentialitate:
1496 1913 1752 1983 atticus
1781 1915 2100 1982 iceneo-

287 2042 399 2106 rimus.
433 2039 545 2121 Quare
568 2040 652 2122 patri
675 2038 804 2104 coelesti
828 2039 988 2103 maximas
1007 2057 1104 2120 agere
1125 2037 1259 2119 gratias,

288 2127 440 2192 ecclesiae
461 2125 621 2191 hactenus
639 2122 848 2206 perturbatae
860 2123 1088 2207 congratulari,
1108 2123 1259 2188 eoniuno·
1311 2169 1372 2233 sib.

289 2213 450 2294 tionisque
467 2219 597 2277 sanctae
615 2211 651 2274 in
669 2211 775 2291 capite
795 2229 853 2273 suo
865 2208 997 2275 Christo
1008 2208 1260 2291 perpetuitatem
1359 2192 1372 2234 ᾖ

289 2319 423 2364 exorare
445 2297 600 2362 debemus
622 2315 742 2359 omnes.

374 2383 459 2448 Novi
481 2380 567 2464 quod
594 2380 653 2444 tibi
681 2379 741 2443 soli
764 2377 869 2444 scribo
896 2379 957 2443 hoc
986 2388 1045 2444 est.
1056 2382 1085 2460 ²)
1131 2382 1161 2443 A
1189 2378 1260 2441 viro

288 2469 443 2553 primario
472 2467 525 2531 hic
555 2464 619 2530 fide
647 2463 838 2548 dignissimo
867 2473 943 2529 ante
970 2484 1089 2546 paucos
1111 2461 1180 2528 dies
1202 2484 1260 2526 au-

289 2554 364 2633 divi,
392 2553 432 2618 ad
461 2553 540 2634 xviij
569 2549 655 2614 diem
677 2549 772 2616 huius
795 2552 916 2615 mensis
929 2553 955 2626 8)
978 2547 1260 2632 praedeliberatio·

288 2661 365 2705 nem
387 2637 560 2721 quandam,
583 2645 620 2700 ut
641 2646 768 2713 vocant,
791 2636 942 2718 colloquii
964 2632 1005 2699 ad
1018 2634 1261 2699 Bartholomasi

289 2723 375 2789 diem
413 2723 527 2788 indicti
565 2722 751 2786 institutam
789 2743 860 2788 esse
892 2721 1158 2786 Francolurtum:
1198 2740 1261 2802 quo

288 2807 707 2894 principesetrespublioae
727 2814 858 2873 noemae
877 2807 978 2890 partis
995 2828 1069 2872 eum
1080 2805 1262 2888 praecipuis

289 2893 482 2979 quibusdam
505 2892 608 2959 doctis
632 2893 755 2975 aliquot
776 2894 951 2959 confluent.
997 2890 1095 2957 Adsit
1116 2891 1182 2956 illis
1204 2913 1260 2955 an·
1296 2931 1298 2934 -

290 2981 383 3065 gelus
405 2980 515 3063 magni
538 2979 672 3055 consilii,
707 2985 745 3042 ut
766 2978 910 3043 consiliis
931 2979 1014 3042 suis*
1029 2978 1181 3042 omnibus
1208 2997 1260 3040 ac·

289 3066 495 3147 tionibusque
512 3085 566 3130 sco
591 3085 647 3128 um
665 3064 753 3128 huno
773 3064 957 3148 praefigant
973 3062 1111 3146 gloriam
1123 3062 1259 3140 Christi,
1398 3093 1434 3159 g·
1457 3092 1612 3160 proxime
1634 3116 1692 3178 per
1716 3097 1852 3160 fragrem
1875 3095 1959 3160 nihil
1989 3097 2104 3180 Scripsi
2133 3101 2280 3182 quonjam

291 3151 499 3218 eeclesiarum
522 3171 560 3214 ²³⁰
585 3150 591 3163 ’
617 3149 787 3215 ⁰²t50110ffl·
1311 3180 1381 3262 ipse
1403 3180 1481 3243 viva
1502 3191 1572 3245 erat
1593 3181 1737 3263 epistola.
1787 3180 1920 3247 Interea
1937 3188 2012 3247 tuas
2026 3183 2050 3265 ¹)
2073 3187 2194 3268 accepi,
2216 3189 2280 3270 qui·

376 3235 511 3361 918ῐὶ88
532 3234 575 3298 Η·
600 3233 636 3333 Τ;
659 3235 777 3333 ,hibet
798 3232 958 3316 Phu'flnas
990 3233 1030 3333 d?
1062 3233 1171 3298 ΗΜΘ
1205 3234 1261 3298 ‘¹⁰'
1311 3266 1372 3331 bus
1397 3264 1475 3347 quid
1502 3266 1560 3331 tibi
1592 3265 1741 3332 videatur
1768 3288 1842 3333 cum
1872 3268 2073 3350 principibus
2108 3270 2280 3338 Germanis

290 3330 367 3388 11⁰t0
394 3317 668 3420 leoqueduphor
690 3327 944 3402 ¹1⁰11111¹⁰gf⁸t02
966 3340 1109 3418 Pflmum
1128 3328 1262 3417 ΡΥΟΡιθῐ
1312 3351 1474 3435 agendum
1504 3351 1676 3435 significas.
1728 3353 1810 3437 Ego,
1835 3373 1936 3436 quum
1966 3352 2116 3422 saratas
2138 3366 2172 3422 55
2199 3358 2281 3424 Besa

290 3417 461 3473 materiam
488 3406 528 3471 ab
558 3412 708 3470 mstrtute
737 3414 848 3470 nostro
870 3426 937 3469 non
959 3405 1109 3483 ahenam,
1143 3403 1261 3469 derude
1310 3436 1372 3500 hae
1393 3436 1587 3515 redimam)
1611 3459 1685 3503 cum
1708 3434 1809 3503 stam
1831 3459 1903 3503 meo
1931 3439 2093 3506 Bienngm
2122 3444 2281 3528 promtu,

290 3500 423 3576 limitir
445 3500 476 3556 t⁰
498 3491 716 3574 P⁰fi⁵⁸im¹¹m2
744 3502 985 3573 Pffl⁰⁰⁰Pt⁰¹⁰m
1007 3490 1091 3555 mihi
1111 3500 1148 3555 Ut
1169 3510 1260 3554 ΓΜ
1312 3542 1411 3600 eram,
1430 3532 1469 3586 ut
1491 3523 1578 3605 ipsos
1600 3544 1669 3587 non
1689 3523 1886 3589 audiverim:
1910 3523 1967 3590 sed
1986 3524 2158 3593 Masculus
2179 3531 2281 3595 omnia

290 3578 427 3643 mudum
457 3588 502 3640 “⁴³
524 3587 621 3640 enam
645 3596 860 3641 mmmm·
905 3575 1042 3642 Utmam
1063 3597 1164 3640 ΜΠ
1187 3595 1260 3659 3¹⁸⁸
1312 3608 1396 3672 mihi
1417 3608 1540 3673 retulit.
1582 3609 1748 3693 Vennonius
1769 3631 1895 3694 quoque
1918 3632 1959 3675 er
1972 3609 2112 3678 Genava
2135 3637 2279 3681 reversus

289 3660 1195 3829 ῗὲἓαιῐθιίἒὅῗᾟὶὲὲἓὲῗίἒθῧθὲῗέξθῦῃρὲἑθὶῒῂᾳυὲἒὲἓ
1218 3660 1260 3809 R·
1312 3693 1482 3759 nobiscum
1504 3703 1600 3777 atque
1622 3697 1722 3759 etiam
1739 3715 1813 3761 cum
1832 3699 1987 3769 senatu⁸l
1999 3717 2038 3761 ea
2056 3697 2096 3763 de
2114 3721 2153 3765 re
2174 3702 2279 3766 multis

291 3835 391 3913 beret,
414 3842 603 3917 pergratum
621 3832 736 3910 fecisti,
754 3833 884 3897 etiamsi
902 3831 942 3897 de
960 3831 1123 3897 illiusfide
1134 3831 1262 3898 sincera

291 3920 376 3986 nihil
399 3914 574 4002 quidquam
602 3917 763 3983 hacteuus
791 3916 1026 3982 dubitaverim:
1061 3926 1170 3982 tamen
1192 3938 1261 3982 me·

290 4007 427 4071 moriam
455 4003 503 4067 illi
531 4003 713 4068 refriouisse
743 4002 831 4067 haud
860 4002 971 4069 obesse
1002 4011 1118 4085 petest.
1163 4003 1262 4101 Hunc
1313 4036 1431 4100 multa:
1455 4036 1512 4100 sed
1533 4038 1648 4118 quanti
1670 4039 1760 4117 fiant,
1788 4039 1843 4103 v(q
1872 4061 1892 4103 ἢ
1924 4040 2129 4123 prinojpjbug
2161 4045 2214 4110 ,01
2244 4044 2278 4109 qb

290 4097 688 4261 ggffiffifflmfflff
703 4109 899 4252 vggffiaffim
908 4098 1015 4257 qtffldm
1022 4110 1262 4258 geglffiffi
1313 4122 1458 4204 ipsorum
1480 4120 1650 4206 theologis,
1672 4124 1752 4189 satis
1773 4131 1916 4207 apparet.
1929 4129 1956 4201 ⁴)
2005 4126 2091 4191 Mihi
2118 4139 2207 4195 certe

291 4282 379 4346 rogo·
1313 4227 1383 4272 cem
1406 4206 1515 4289 (cuius
1536 4215 1646 4273 tamen
1669 4229 1769 4291 supra
1793 4210 1925 4276 modum
1947 4212 2083 4294 cupidus
2106 4222 2141 4280 et
2161 4224 2216 4281 stu
2240 4217 2276 4280 ·0.

376 4346 489 4413 Unum
510 4345 577 4409 fere
597 4342 773 4409 exciderat:
808 4343 870 4409 hoo
891 4342 1003 4409 eodem
1026 4342 1198 4409 tabellione
1220 4345 1261 4409 ad

295 4434 467 4516 Oporinum
486 4431 581 4494 mitto
613 4429 735 4495 librum
765 4427 805 4492 de
822 4429 940 4513 Regno
962 4429 1087 4495 Ohristi
1115 4430 1261 4496 doctissi·
1415 4462 1443 4529 6)
1461 4463 1517 4517 seit.
1535 4463 1607 4531 type
1628 4466 1840 4521 mmmm
1876 4467 1988 4522 stanin
2003 4485 2038 4522 m.
2056 4467 2131 4539 &a
2166 4471 2275 4528 Dm

1311 4531 1367 4597 tuit
1382 4533 1442 4600 regi
1458 4530 1572 4584 Daniae
1588 4529 1745 4588 Oiriatiano
1764 4534 1821 4590 Oai.
1842 4534 1912 4605 Sept
1930 4534 1998 4591 1557
2014 4541 2126 4594 nomine
2141 4541 2274 4597 55555551

704 4668 709 4681 1
1313 4599 1435 4665 defuncti
1451 4601 1481 4654 in
1502 4598 1609 4654 otram
1628 4601 1669 4656 Μ.
1685 4603 1789 4658 Bucari
1803 4605 1917 4673 (Baum,
1935 4606 2040 4662 Butcer
2059 4606 2134 4676 609).

293 4670 428 4737 26451)
447 4670 486 4724 Ν.
504 4667 581 4721 2620.
618 4667 741 4723 Biturici
757 4668 804 4720 111.
821 4667 864 4723 93.
1256 4701 1259 4706 ,
1415 4667 1444 4732 7)
1463 4671 1517 4723 imo
1534 4668 1558 4722 6.
1575 4669 1663 4724 Iunii.

393 4738 423 4806 2)
441 4738 556 4792 Miraris
571 4753 631 4791 eum
648 4751 705 4791 ren
720 4737 827 4805 publice
843 4736 947 4792 dudum
969 4737 1106 4805 nudantem
1123 4738 1207 4806 quasi
1222 4752 1261 4791 se·
1312 4736 1446 4803 26451)
1463 4737 1531 4792 Non
1546 4741 1704 4820 reperimus.

292 4814 393 4866 metam
412 4813 537 4862 tractare.
1414 4805 1445 4873 2)
1464 4823 1498 4861 m.
1517 4807 1597 4861 Maio
1615 4814 1745 4877 nmqenlc.

392 4875 423 4935 31
446 4875 514 4930 Vide
528 4873 731 4942 praecedentem
748 4879 803 4928 not.
820 4872 844 4927 6.
880 4874 1110 4930 Deliberationem
1133 4874 1166 4927 de
1182 4874 1262 4929 eollo
1413 4875 1443 4942 3)
1462 4891 1496 4929 ea
1513 4892 1566 4945 quo
1581 4876 1664 4942 sociis
1680 4878 1817 4947 collegeris
1834 4878 1866 4933 id
1888 4880 1992 4944 factum
2010 4896 2068 4936 esse
2084 4898 2119 4937 en
2137 4884 2272 4940 summme

292 4947 357 5016 quia
379 4943 577 4999 Wormaeiensi
592 4942 697 4997 &muln
714 4943 763 5022 sub
780 4943 860 5007 finem
877 4944 976 4997 messis
993 4944 1176 4997 instituerunt.
1312 4942 1410 4998 Ducis.

394 5011 424 5078 4)
444 5011 597 5093 dandam
622 5010 815 5076 Detensionem
838 5012 994 5081 significare
1016 5011 1123 5065 videtur
1149 5027 1218 5081 quac
1235 5026 1262 5065 5.
1413 5012 1443 5078 4)
1462 5013 1600 5081 Halteras,
1625 5029 1695 5084 quae
1719 5020 1780 5069 erat
1805 5017 1864 5070 eius
1890 5033 1960 5071 sana
1981 5033 2058 5073 mena
2080 5026 2107 5075 et
2126 5021 2271 5087 mutis.

293 5081 361 5135 1555
376 5081 488 5151 prodent
518 5079 619 5134 Ultima
634 5081 706 5134 enim
723 5081 872 5135 admonitio
889 5096 922 5134 m.
934 5081 1059 5149 Augusto
1073 5078 1139 5134 1551
1156 5080 1261 5135 demum
1312 5097 1367 5135 non
1384 5082 1418 5136 de
1435 5083 1538 5136 mutuis
1554 5083 1772 5139 concessionibus
1786 5084 1924 5150 faciendis
1941 5089 2075 5155 motasse
2091 5091 2213 5155 eidemin,
2234 5085 2272 5143 sed

292 5151 367 5206 edita
382 5150 503 5204 nandum
520 5148 732 5270 Agyentoratum
749 5150 821 5203 mitti
834 5153 950 5217 potmat.
1312 5150 1345 5204 de
1360 5149 1488 5215 scamna
1505 5152 1647 5222 utriusque
1659 5153 1753 5222 partis
1766 5155 1797 5207 in
1808 5155 1923 5211 alimum
1936 5155 2082 5214 tokrantia
2094 5164 2121 5214 et
2136 5158 2273 5216 centum

396 5217 426 5283 5)
445 5217 483 5272 Ν.
500 5216 552 5271 263
572 5257 578 5269 .
1311 5220 1541 5275 criminationum

1749 1146 1849 1209 Hum.
1874 1147 1910 1210 Τ.
1934 1144 2240 1210 observantissimus

1813 1230 1984 1296 Conradus
2006 1230 2188 1296 Hubertus.

1397 2083 1448 2149 De
1469 2085 1618 2167 colloquio
1646 2088 1727 2166 quod
1750 2084 1839 2150 metiti
1861 2087 2052 2151 meditantur
2075 2088 2144 2168 mose
2167 2108 2277 2171 porum

1399 2171 1557 2251 praemittit
1587 2171 1751 2251 utilitate,
1783 2172 1814 2235 si
1843 2172 1967 2252 quidem
2006 2193 2115 2237 reama
2151 2178 2276 2257 meatur.

1314 2255 1475 2321 Sulcemcm
1500 2256 1619 2337 oblique
1640 2263 1724 2323 notat
1745 2257 1780 2323 ob
1803 2256 2040 2323 Lutbcrauismi
2068 2260 2277 2340 suspicionem,
2314 2294 2320 2315 ·

1313 2340 1576 2407 Melancltionem
1593 2348 1695 2424 aperte
1716 2342 1750 2408 ob
1770 2343 1974 2408 timiditatem.

1314 2512 1370 2578 (Ex
1394 2512 1562 2580 autographo
1586 2513 1650 2568 God.
1676 2513 1765 2567 Turio.
1794 2513 1877 2567 Areh.
1903 2513 2044 2572 Plut.{Vl.
2066 2514 2278 2586 vol.154,olin

1388 2582 1473 2635 Seria.
1490 2582 1522 2634 B.
1541 2597 1602 2650 epp.
1620 2583 1695 2635 Tom.
1713 2581 1755 2647 32,
1773 2583 1819 2636 fol.
1837 2581 1896 2635 578.
1916 2611 1948 2620 -
1966 2581 2065 2636 Simler
2082 2585 2137 2639 vol.
2157 2584 2213 2652 89.)

1314 2752 1504 2817 Olarissimo
1526 2753 1598 2817 viro
1620 2754 1661 2818 D.
1685 2754 1877 2838 Heiurycho
1900 2753 2284 2841 Bullingero'l'igurinao

1313 2838 1467 2904 ecclesiae
1489 2839 1613 2921 pastori
1634 2838 1822 2905 fidelissimo
1843 2838 1973 2903 domino
1995 2850 2029 2904 et
2050 2845 2211 2925 compatri
2228 2865 2280 2909 suo

1559 2923 1784 2991 colendissimo
1806 2932 1839 2989 55
1859 2926 2035 2991 carissimo.

1313 3780 1389 3862 egit.
1434 3779 1635 3846 Probaretur
1655 3782 1807 3847 omnibus
1830 3780 1922 3846 uobis
1945 3790 2042 3846 tuum
2064 3787 2278 3852 consiliumsi

1311 3885 1385 3947 spos
1403 3868 1490 3929 esset
1509 3866 1672 3949 principes
1694 3867 1774 3931 haec
1801 3875 1982 3934 curaturos.
2036 3869 2185 3937 Exstant
2213 3872 2278 3938 doo-

1312 3952 1418 4015 trinae
1457 3950 1667 4016 ecclesiarum
1706 3961 1893 4018 nostrarum
1935 3955 2056 4035 passim
2091 3955 2278 4024 documenta
