4778 5888
267 348 330 409 aas
1017 329 1278 400 aplsuohaa
1300 334 1512 396 ιιιε-ιιιο
1820 317 1822 321 ’
2197 333 2262 397 eoo

268 520 329 597 nec
350 529 531 614 Angustiae
552 526 647 591 liceat
674 543 796 588 novam
822 520 920 586 aliam
943 521 1103 586 actionem
1130 518 1238 582 inten·
1289 519 1470 599 eximatur,
1499 518 1597 602 idque
1619 520 1661 584 ad
1682 517 1841 588 sedandos
1864 544 1977 587 omnes
2006 541 2171 598 susurros,
2202 519 2262 603 qui

270 617 355 694 dere,
378 611 634 679 controversiam
646 629 786 688 movere,
808 619 866 671 aut
876 607 1111 691 querimoniam
1125 611 1240 668 contra
1288 605 1371 671 forte
1392 605 1511 688 alioqui
1532 626 1597 670 non
1615 605 1826 688 quiescerent.
1863 607 1926 673 Nos
1943 629 2071 692 quoque
2088 627 2147 690 pro
2165 615 2262 688 parte
2302 643 2307 662 ·

269 703 316 767 M.
336 699 560 777 Volerondom,
579 705 647 759 tam
665 695 705 759 de
723 692 915 758 criminibus
933 714 1016 775 quae
1034 689 1134 757 semel
1153 687 1239 771 apud
1289 698 1401 756 nostra
1432 691 1617 756 censuimus
1645 689 1790 756 dandum
1822 714 1893 759 esse
1925 693 2097 759 eonsilium
2129 690 2261 775 populo,

269 808 329 853 nos
351 785 469 850 obiecit
490 793 522 848 et
540 804 559 847 a
576 802 714 865 quorum
730 779 983 862 prosequutiono
1003 775 1156 859 depulsus
1178 782 1238 853 est,
1288 776 1369 842 utile
1396 777 1430 841 id
1453 797 1523 842 esse
1545 778 1585 842 ob
1608 778 1729 841 multas
1757 798 1871 844 causas
1892 800 1973 861 quas
1994 778 2082 862 apud
2104 798 2163 842 nos
2185 796 2262 860 per-

270 892 368 956 quam
398 870 438 933 de
465 868 538 933 aliis
559 866 805 949 quibuscunque
833 885 936 947 usque
963 863 1003 927 ad
1032 863 1122 927 hunc
1152 861 1237 925 diem
1288 862 1477 946 pendimus:
1511 863 1557 927 sic
1588 871 1698 927 tamen
1728 871 1766 928 ut
1793 875 1942 929 maneret
1974 866 2099 930 intacta
2125 862 2263 928 libertas

271 954 460 1024 commissis.
496 953 582 1017 Nam
603 973 703 1034 quum
726 949 802 1014 data
823 951 852 1014 ei
881 949 982 1014 fuerit
1009 948 1142 1014 libertas
1164 967 1237 1029 pro·
1288 948 1454 1014 iudicandi
1482 969 1540 1030 pro
1569 969 1628 1011 sua
1656 949 1862 1014 conscientia.
1906 950 1992 1016 Nam
2014 949 2101 1015 hanc
2128 949 2164 1013 in
2186 969 2262 1031 par-

221 1109 224 1114 ,
270 1041 395 1109 ferendi
418 1041 453 1104 in
474 1038 619 1102 medium
640 1034 799 1119 quidquid
821 1034 935 1114 vellet,
966 1035 1081 1099 merito
1103 1034 1143 1097 ab
1166 1032 1239 1097 aliis
1288 1048 1357 1100 tem
1381 1034 1548 1099 noluimus
1575 1032 1706 1118 longius
1734 1035 1886 1119 progredi
1908 1057 2005 1118 quam
2033 1045 2070 1100 ιιι
2092 1035 2264 1118 patefieret

271 1147 366 1212 quae.
385 1124 604 1208 praetermisit
634 1123 669 1186 in
708 1131 874 1204 posterum
906 1120 1037 1185 videtur
1074 1117 1237 1202 depulsus.
1288 1130 1439 1186 nostrum
1456 1119 1636 1195 consilium,
1654 1127 1694 1183 ut
1711 1119 1773 1184 sibi
1790 1122 1924 1203 quisquo
1935 1122 2143 1206 prospiceret.
2173 1118 2264 1200 Quia

271 1215 401 1282 Rursus
424 1211 470 1275 M.
491 1209 667 1274 Volerondo
689 1228 755 1272 non
777 1206 874 1272 liceat
895 1207 1109 1290 depactionum
1131 1206 1164 1268 in
1187 1204 1239 1267 ius
1289 1216 1402 1271 tamen
1435 1227 1487 1271 res
1522 1205 1632 1288 magni
1668 1213 1740 1269 erat
1775 1208 1930 1272 momenti
1955 1206 1996 1272 et
2028 1208 2095 1271 iam
2130 1216 2265 1287 tempus

271 1298 412 1374 trahere,
435 1295 489 1361 vol
513 1294 590 1359 ullis
613 1293 726 1358 litibus
747 1293 925 1374 implicare,
955 1291 1041 1374 quod
1063 1299 1185 1355 temere
1207 1296 1240 1353 at
1290 1293 1472 1368 effluxerat,
1502 1289 1618 1361 deinde
1648 1290 1735 1355 ultro
1757 1291 1902 1375 citroque
1924 1291 2136 1358 multa‘diota
2158 1299 2264 1367 erant,

272 1384 392 1448 iniuste
426 1382 465 1445 de
498 1379 595 1445 rebus
625 1400 691 1443 non
723 1378 897 1460 compertis
930 1384 1100 1442 accusatus
1132 1376 1238 1440 luerit.
1291 1387 1329 1442 ut
1350 1377 1530 1460 periculum
1555 1384 1640 1441 esset
1663 1377 1886 1442 aconfusione
1908 1379 1938 1443 si
1958 1379 2176 1444 voluissemus
2199 1387 2267 1441 sta·

272 1468 425 1551 Denique
463 1466 588 1532 consilii
621 1465 726 1530 nostri
758 1484 826 1528 non
865 1485 934 1528 esse
971 1462 1238 1545 pronunciamus,
1291 1465 1351 1527 tim
1381 1464 1502 1528 habere
1530 1471 1701 1541 statutum,
1736 1483 1805 1527 rem
1839 1484 2032 1545 suspensam
2062 1464 2267 1547 reliquimus,

272 1562 447 1638 praetextu
468 1553 522 1616 vel
551 1552 718 1615 occasione
745 1549 844 1614 huius
872 1549 1055 1614 sentensiae
1077 1546 1240 1611 utrumvis
1291 1548 1392 1613 donec
1414 1549 1550 1614 ccclesia
1572 1546 1647 1611 dato
1675 1549 1833 1630 ampliore
1864 1550 1969 1632 spatio
1990 1557 2119 1614 mature
2141 1548 2265 1614 delibe-

274 1661 389 1705 eorum
412 1638 453 1702 ad
475 1638 554 1702 alios
577 1636 700 1702 iudices
720 1634 824 1712 trahi,
847 1635 898 1699 vel
920 1632 996 1698 alibi
1019 1633 1136 1717 agitari
1158 1652 1241 1714 quae
1290 1644 1386 1700 rarat.
1422 1633 1465 1698 In
1482 1655 1544 1716 quo
1563 1641 1599 1697 ut
1619 1633 1777 1699 Dominus
1795 1634 1941 1718 singulos
1963 1656 2021 1701 auo
2042 1636 2162 1720 spiritu
2185 1635 2267 1699 diri·

274 1724 408 1790 anobis
431 1724 484 1788 hic
513 1722 647 1787 fuerunt
666 1723 810 1805 cognita,
839 1721 896 1786 sed
923 1727 1032 1803 partes
1052 1729 1164 1783 nostro
1186 1718 1241 1782 de·
1292 1730 1348 1806 gat
1368 1741 1548 1803 precamur.

273 1819 362 1876 creto
381 1810 497 1874 debore
518 1816 688 1874 contentas
711 1828 790 1871 esse.
1378 1806 1467 1871 Huic
1488 1827 1567 1871 vero
1586 1807 1704 1871 actioni
1725 1826 1792 1870 non
1819 1805 1970 1871 interfuit
1997 1807 2199 1874 clarissimus
2220 1810 2267 1874 D.

359 1896 450 1960 Haec
483 1893 645 1959 sententia
676 1891 889 1974 pronunciata
921 1891 983 1954 luit
1014 1888 1162 1973 partibus
1191 1894 1241 1952 21.
1292 1894 1432 1959 Ioannes
1455 1893 1596 1972 aLaaco,
1618 1891 1704 1975 quod
1722 1913 1763 1955 ex
1780 1891 1893 1956 morbo
1911 1893 2127 1958 decumberet
2159 1895 2268 1960 Porro

275 1981 442 2063 Septemb.
466 1991 500 2045 et
509 1979 665 2061 postridie
676 1978 882 2061 promulgata
904 1977 964 2040 toti
982 1977 1135 2041 ecclesiae
1157 1994 1244 2040 anno
1293 1980 1370 2063 quia
1390 1987 1465 2061 post
1493 1978 1594 2043 latam
1623 1977 1818 2041 sententiam
1839 1998 1921 2059 quae
1944 1979 1997 2044 hie
2019 1978 2183 2062 descripta
2205 1981 2268 2046 ha·

279 2073 358 2130 1556
382 2077 414 2130 ct
443 2075 552 2148 partes
581 2069 713 2148 rogatae
743 2061 906 2146 pollicitae
934 2072 1012 2127 sunt
1033 2083 1068 2126 se
1096 2062 1164 2126 iore
1187 2060 1244 2126 ob·
1293 2067 1391 2131 betur
1413 2063 1526 2128 sedare
1547 2063 1755 2145 cupiebamus
1777 2064 1862 2145 quod
1891 2063 2057 2129 residuum
2080 2073 2131 2129 est
2152 2067 2269 2132 turba-

274 2162 454 2235 sequentes.
466 2153 496 2227 ⁸)
1295 2171 1370 2216 rum
1392 2149 1427 2213 in
1450 2151 1511 2213 hac
1532 2149 1676 2224 ecclesia,
1699 2146 1787 2213 unde
1805 2170 1925 2232 magna
1942 2149 2110 2234 dissipatio
2130 2152 2270 2217 tandem

1295 2236 1374 2302 oriri
1393 2236 1523 2317 poterit,
1545 2235 1609 2299 nisi
1625 2234 1716 2299 Deus
1733 2256 1792 2317 pro
1811 2256 1873 2299 sua
1893 2235 2021 2318 ingenti
2042 2238 2272 2303 misericordia

655 2341 856 2349 --··
1296 2329 1459 2398 occurrat,
1490 2329 1523 2384 et
1544 2320 1620 2402 quia
1646 2320 1744 2384 etiam
1765 2319 1888 2384 adhoc
1908 2341 1991 2387 onus
2020 2323 2270 2405 suscipiendum

1295 2428 1356 2472 nos
1375 2407 1524 2472 hortatus
1544 2406 1651 2470 fuerat
1670 2407 1711 2470 D.
1727 2404 1938 2489 Gzaataycs,
1960 2415 1998 2471 ut
2019 2409 2089 2473 eius
2110 2409 2271 2475 mandato

359 2494 424 2558 His
446 2493 584 2576 peractis
606 2492 652 2556 Μ.
684 2491 880 2556 Volerandus
901 2489 1053 2572 exposuit
1074 2511 1108 2554 sc
1129 2495 1245 2571 sponte
1295 2493 1389 2558 nobis
1422 2492 1563 2575 cognitio
1595 2490 1751 2556 mandata
1782 2498 1876 2569 osset,
1910 2492 1972 2557 hac
2004 2494 2130 2558 ratione
2164 2517 2272 2578 supra

275 2591 308 2647 et
330 2580 452 2662 absque
474 2577 579 2641 alieno
606 2584 718 2642 coactu
741 2584 864 2658 potere,
893 2575 971 2657 quia
997 2574 1091 2639 multi
1120 2575 1243 2640 sinistri
1295 2578 1466 2644 reiecimus
1493 2575 1651 2659 quidquid
1675 2577 1890 2641 communiter
1918 2579 2097 2659 pertineret
2125 2579 2168 2644 ad
2190 2602 2272 2647 eon·

276 2686 443 2732 sermones
471 2665 628 2729 haetenus
650 2663 881 2738 volitaverunt,
912 2667 949 2725 ut
976 2659 1115 2724 dubitari
1138 2671 1245 2743 posset
1295 2666 1406 2731 cilium
1433 2665 1598 2728 seniorum
1624 2664 1661 2726 in
1690 2663 1779 2726 aliud
1807 2672 1936 2745 tempus
1962 2672 2198 2747 opportunum,
2230 2674 2272 2732 ut

277 2775 319 2818 an
352 2750 491 2835 gradum
528 2749 669 2831 pastoris
701 2753 874 2830 occuparet
905 2753 1020 2812 contra
1051 2766 1245 2812 eonsensum
1295 2770 1439 2815 seorsum
1464 2746 1504 2812 de
1525 2748 1577 2813 his
1600 2748 1702 2813 rebus‘
1719 2747 1940 2830 aliquidcerti
1963 2757 2173 2830 statueretur,
2201 2774 2273 2818 non

277 2836 439 2914 ecclesiae,
469 2854 532 2917 quo
557 2833 610 2898 his
632 2832 856 2897 murmuribus
885 2833 1013 2896 obviam
1041 2833 1155 2910 netur,
1187 2831 1245 2896 ali·
1296 2835 1518 2918 compromissi
1535 2837 1658 2899 virtute
1679 2834 1736 2899 sed
1752 2855 1812 2917 pro
1829 2854 1967 2898 munere
1984 2836 2078 2900 nobis
2100 2837 2271 2904 iniuncto:

277 2943 375 3007 quam
394 2919 648 2986 declarationem
665 2920 738 2983 fieri
755 2917 842 2983 unde
862 2917 985 3000 liquido
1003 2926 1130 3001 pateret
1147 2937 1245 3001 quao-
1296 2941 1393 3001 nuno,
1426 2942 1469 2984 ne
1496 2920 1669 2986 videamur
1697 2941 1787 3002 spem
1813 2938 1896 3000 quae
1923 2920 1964 2984 de
1991 2922 2085 2986 nobis
2110 2932 2274 3008 concepta

276 3029 354 3073 nam
376 3016 462 3072 esset
480 3006 592 3089 populi
609 3005 778 3071 voluntas:
802 3003 902 3068 simul
924 3011 1035 3068 tamen
1056 3003 1244 3082 testificans,
1297 3016 1369 3072 erat
1400 3007 1548 3072 frustrati
1580 3025 1660 3082 esse,
1692 3005 1747 3070 vel
1778 3005 1931 3082 noluisse,
1966 3006 2072 3089 quoad
2104 3008 2140 3071 in
2171 3011 2273 3076 nobis

276 3094 425 3177 quamvis
447 3091 587 3174 populus
609 3111 684 3156 eum
706 3091 847 3154 rotinere
876 3097 1019 3171 cuperet,
1048 3090 1098 3154 sui
1119 3089 1245 3155 consilii
1297 3095 1397 3158 situm
1413 3094 1506 3169 foret,
1525 3091 1680 3157 ecclesiae
1698 3090 1945 3156 necessitatibus
1963 3111 2058 3175 opem
2076 3093 2171 3173 ferre,
2189 3116 2273 3179 pro·

277 3201 347 3245 osse
376 3178 485 3244 studio
513 3176 671 3259 publico*
698 3175 789 3257 pacis
818 3175 984 3258 resignare
1005 3195 1126 3239 munus
1149 3197 1246 3242 suum
1297 3178 1541 3244 nunciavimus:
1570 3197 1629 3259 per
1649 3196 1709 3241 nos
1729 3196 1796 3241 non
1819 3177 1947 3242 stetisse
1969 3179 2145 3260 quominus
2167 3182 2274 3247 etiam

277 3272 311 3330 et
333 3264 501 3331 ecclesiam
523 3283 639 3346 rogare
661 3268 697 3326 ιιι
727 3262 755 3326 ai
784 3261 869 3326 hanc
897 3260 1150 3343 resignationem
1171 3282 1245 3344 pro·
1297 3263 1539 3330 controversiae
1567 3263 1650 3327 istae
1678 3259 1805 3326 decisae
1831 3261 1905 3326 sint.
1953 3260 2062 3328 Sada
2091 3263 2273 3333 Volcraado

276 3351 372 3415 baret
403 3348 603 3431 prospiceret
633 3344 673 3411 de
704 3366 896 3412 successore.
944 3345 1105 3426 Quamvis
1137 3354 1247 3411 autem
1298 3359 1331 3413 et
1352 3348 1533 3415 senioribus
1555 3367 1745 3432 responsum
1768 3348 1839 3423 brit,
1861 3347 1931 3412 fore
1949 3348 2011 3413 hoo
2027 3349 2107 3413 mali
2123 3353 2272 3436 exempli

278 3435 448 3500 statuisset
469 3433 546 3497 huic
575 3432 694 3498 actioni
721 3432 908 3514 proximum
930 3429 1015 3495 diem
1037 3429 1246 3510 dominicum,
1299 3436 1328 3500 si
1359 3435 1464 3498 alieno
1497 3433 1631 3497 arbitrio
1663 3454 1698 3498 se
1730 3434 1967 3500 submitterent.
2004 3435 2050 3499 Et
2077 3457 2274 3520 quanquam

278 3521 387 3585 visum
408 3526 459 3585 est
479 3517 572 3583 nobis
594 3518 664 3582 fore
691 3519 796 3582 satius
824 3518 851 3582 si
880 3516 1043 3599 extemplo
1072 3537 1246 3600 cognosce·
1297 3541 1365 3585 non
1403 3517 1597 3584 recusabant
1629 3540 1703 3584 cum
1735 3519 1861 3583 Ioanne
1895 3518 2023 3585 &aaa
2055 3527 2089 3584 ct
2120 3522 2273 3589 Robarto

279 3614 372 3670 retur
392 3603 504 3687 populi
526 3603 685 3668 voluntas.
721 3602 817 3683 Quod
838 3604 908 3685 ipse
929 3623 1056 3684 quoque
1077 3602 1246 3685 amplexus
1298 3606 1417 3683 Horae,
1459 3605 1513 3669 uia
1532 3604 1621 3670 verbi
1638 3605 1781 3670 ministri
1799 3613 1885 3681 sunt,
1903 3605 2058 3686 conferre,
2077 3607 2140 3673 bae
2158 3617 2274 3678 tamen

280 3698 339 3755 est.
379 3691 495 3772 Itaque
517 3710 554 3754 eo
576 3709 705 3773 egresso
727 3687 913 3773 rogavimus
934 3696 968 3753 et
989 3688 1112 3752 hortati
1134 3709 1246 3753 sumus
1297 3692 1370 3775 lege
1380 3697 1419 3756 ut
1488 3691 1597 3755 vinum
1615 3711 1650 3755 se
1667 3689 1818 3756 didicisse
1828 3693 1854 3763 ⁹)
1871 3711 1914 3755 ex
1929 3692 2000 3757 eius
2017 3692 2149 3776 scriptis
2166 3696 2274 3761 eccle·

279 3775 436 3859 populum
458 3783 506 3838 ut.
524 3782 637 3857 sponte
665 3782 699 3838 et
724 3774 826 3838 libere
847 3774 993 3837 animum
1020 3794 1115 3838 suum
1137 3782 1246 3838 osten·
1298 3778 1380 3843 siam
1402 3797 1502 3840 unam
1524 3776 1618 3842 alteri
1643 3797 1709 3841 non
1731 3797 1801 3841 esse
1829 3775 2021 3841 subiectam:
2052 3779 2127 3860 quia
2156 3793 2273 3846 tamen

281 3862 381 3926 deret.
416 3859 561 3924 Tandem
579 3861 790 3943 cognovimus
807 3859 938 3924 maioris
958 3859 1062 3941 partis
1083 3860 1247 3943 suffragiis
1298 3863 1392 3927 nobis
1413 3861 1509 3926 simul
1527 3864 1676 3927 omnibus
1698 3871 1807 3943 partes
1829 3863 1912 3926 istae
1929 3860 2103 3928 mandatae
2124 3864 2272 3945 fuerant,

281 3968 356 4012 cum
377 3946 513 4010 retineri
535 3946 571 4009 in
591 3946 789 4024 ministerio,
820 3953 853 4007 et
875 3944 992 4008 maiori
1012 3944 1098 4028 parti
1118 3945 1247 4029 plaeere
1299 3949 1393 4012 ambo
1411 3947 1459 4011 illi
1476 3956 1668 4013 recusarunt
1685 3948 1819 4012 seorsim
1832 3969 1851 4011 a
1863 3948 1956 4012 nobis
1966 3947 2143 4031 quidquam
2161 3972 2272 4035 agere.

280 4041 318 4098 ut
340 4040 477 4096 maneat.
513 4030 608 4112 Quod
625 4040 795 4114 postquam
815 4031 844 4094 ei
865 4029 1093 4108 indicavimus,
1114 4050 1247 4095 rursum
1299 4033 1413 4114 Quum
1444 4032 1555 4115 itaque
1587 4053 1705 4097 manus
1736 4034 1770 4097 in
1803 4032 1865 4098 hac
1897 4041 1989 4115 parte
2020 4034 2114 4100 nobis
2148 4036 2274 4120 ligatae

281 4124 419 4183 testatus
437 4124 487 4182 est
505 4137 539 4182 se
556 4117 731 4199 persistere
747 4118 783 4181 in
801 4135 860 4180 sua
877 4115 1111 4191 testificatione,
1129 4135 1248 4199 nempe
1299 4121 1416 4196 forant,
1431 4128 1434 4134 “
1450 4128 1487 4182 ιι
1512 4117 1605 4182 nulla
1633 4118 1715 4182 ratio
1748 4117 1841 4183 nobis
1870 4127 1997 4201 pateret
2028 4120 2070 4184 ad
2101 4124 2274 4190 sanandas

281 4217 319 4268 ut
340 4204 409 4269 loco
431 4200 533 4281 cedat,
556 4200 690 4285 ideoque
712 4201 879 4268 ecelesiam
901 4220 1017 4285 rogaro
1033 4208 1072 4264 ut
1091 4201 1131 4265 ab
1149 4222 1248 4266 onere
1300 4203 1476 4270 discordias
1507 4224 1591 4286 quae
1627 4202 1734 4268 adbuc
1765 4225 1941 4287 suspensae
1972 4204 2130 4283 haerent,
2170 4208 2273 4293 idque

1299 4297 1458 4372 quantum
1490 4289 1649 4354 recusatio
1680 4288 1736 4353 illa
1767 4291 1950 4369 seniorum,
1983 4311 2081 4372 quam
2113 4291 2274 4375 diximus,

1299 4376 1392 4440 nobis
1414 4374 1502 4440 viam
1524 4373 1715 4458 praeclusit,
1745 4376 1935 4457 profitemur
1954 4397 1992 4441 ac
2018 4384 2184 4443 testamur
2212 4403 2274 4448 nos

282 4489 1181 4629 Padtdotassttottttat1⁴·aratu
1198 4490 1248 4612 a
1299 4458 2275 4635 isitii&diudfflibiltdfflffliiiiiffl

506 4602 512 4613 ·
606 4601 612 4613 ·
857 4599 863 4612 ·
915 4599 923 4614 ·
1662 4596 1671 4623 r
2027 4597 2034 4625 r

281 4631 362 4684 Reae
384 4630 452 4685 nach
476 4629 503 4682 F·
522 4629 661 4695 beregen,
682 4630 790 4682 konnen
812 4628 863 4680 wir
888 4628 963 4681 nicht
985 4626 1129 4708 emanaret
1156 4643 1247 4697 ⁸⁸8011·
1298 4631 1424 4715 ingenti
1435 4630 1655 4697 misericordia
1671 4630 1865 4698 inordinatis
1882 4632 2067 4699 excessibus
2084 4637 2274 4720 subveniat,

280 4700 319 4753 Fa
336 4699 385 4752 hat
396 4700 467 4780 'aber
483 4697 552 4750 doeh
570 4696 619 4748 das
640 4696 702 4749 End
719 4697 824 4750 solabar
840 4696 986 4765 Haudlung
1003 4698 1141 4775 bevenot·
1151 4696 1200 4750 das
1218 4713 1248 4750 ea
1300 4737 1381 4799 quos
1403 4717 1457 4783 hio
1478 4717 1700 4799 relinquimus·

280 4766 437 4848 lilrnemlrclr
454 4765 710 4846 umealerandum
725 4783 760 4847 au
777 4766 978 4846 thungeuesen
996 4764 1049 4819 deu
1066 4765 1116 4817 der
1133 4769 1170 4816 ιιι
1186 4763 1247 4873 das:
1384 4802 1472 4868 Huic
1498 4802 1619 4869 actioni
1646 4821 1714 4866 non
1747 4804 1965 4868 interfuerunt
1992 4803 2035 4868 D.
2065 4806 2278 4894 &mmm

281 4838 369 4971 31de
364 4832 853 4957 dffilmquqqhdararqqpplpprtqcffi
854 4833 1250 4957 dddgddidddbdddddzdedddr
1299 4896 1332 4953 et
1354 4887 1391 4952 D.
1415 4889 1461 4953 Ιο.
1486 4910 1506 4953 a
1528 4888 1635 4954 Loaco.
1681 4886 1835 4953 Nieolaus
1863 4898 1973 4954 autem
2004 4889 2120 4972 Watc,
2150 4899 2236 4979 quia
2257 4917 2279 4963 a

281 4988 416 5094 50:0⁸⁶?
445 4969 767 5092 Gggglg'ggshqbflqwir
784 4970 1247 5093 sswhklffllnxgrfflhffldffiet·
1293 4974 1464 5040 seniorum
1486 4973 1620 5058 collegio
1642 4983 1723 5052 erat,
1742 4984 1781 5039 vse
1802 4995 1822 5040 a
1843 4975 1936 5041 nobis
1958 4975 2128 5045 disiunxit

304 5056 372 5094 m
412 5056 461 5093 m
713 5056 759 5094 m
776 5055 844 5161 ⁸1¹dgo
874 5046 1046 5161 Ἐιμθιιὶίοιοι
1071 5107 1161 5161 rainer
1178 5055 1248 5162 aedi

284 5177 440 5246 Hauaazius,
457 5177 545 5230 denen
562 5191 592 5229 er
609 5175 653 5231 die
664 5177 770 5231 Heuser
785 5125 904 5242 bardili,
921 5175 1079 5232 vntrevlich
1095 5175 1248 5245 gehandelt.
1401 5159 1431 5227 9)
1451 5161 1527 5215 ΠΜ
1543 5160 1685 5226 Mllfffflss
1700 5167 1837 5230 0⁰⁹WW·

284 5247 358 5299 Absr
374 5246 437 5300 dem
453 5262 500 5315 say
519 5262 554 5299 nu
573 5245 623 5298 vie
641 5263 669 5299 ea
687 5247 774 5310 wille,
792 5245 828 5298 du
844 5245 895 5314 ligt
911 5261 962 5298 vns
979 5245 1053 5299 nicht
1070 5243 1139 5299 hocb
1157 5262 1200 5298 an.

283 5110 335 5162 mit
361 5109 414 5161 den
439 5108 580 5178 gamemmr
601 5107 740 5163 Alimosen
766 5126 801 5161 vn

1683 5301 1879 5309 -————-
