4688 5910
268 315 333 377 667

240 496 245 504 ’
269 501 369 566 viaria
398 499 556 565 momenti
585 519 656 564 esse
685 519 754 564 rem
783 498 952 581 putabant,
975 519 1073 580 quam
1095 507 1135 565 ut
1154 499 1274 564 men-l

270 587 316 651 tio
336 585 401 651 ulla
422 585 494 650 fieri
507 583 657 663 deberet.
691 584 786 650 Metu
808 583 938 667 quidem
951 583 1060 667 aliquo
1078 605 1130 650 me
1146 584 1246 650 fuisse

269 673 311 738 ab
334 671 398 737 illis
420 669 559 735 uelatum
584 690 751 752 nunquam
769 669 887 734 fuisset
903 669 1066 735 eredibile.
1101 669 1245 735 Iltsiau-

270 768 337 822 tem
360 754 506 822 nonnihil
526 754 567 819 ob
588 753 782 820 brevitatem
805 755 857 821 vel
881 753 1069 839 ambiguum
1092 764 1171 832 erat,
1190 755 1245 819 vel

270 843 455 919 obscurum,
477 838 558 904 mihi
581 848 688 906 tamen
712 839 847 907 dubium
869 861 938 905 non
960 851 1039 918 erat,
1063 840 1170 908 deoies
1187 862 1244 924 po·

270 931 334 994 tius
360 929 535 992 morituros
558 947 655 1008 quam
685 934 722 990 ut
744 949 763 990 a
785 938 896 992 nostro
917 948 1076 993 eonsensu
1100 926 1153 991 vel
1171 936 1245 991 tan-

270 1013 380 1079 tillum
401 1010 619 1090 deflecterent,
646 1012 713 1076 imo
741 1013 820 1095 quin
850 1014 1080 1094 profiterentur
1102 1013 1245 1095 ingenue

270 1100 356 1164 idem
380 1120 414 1164 se
437 1098 606 1164 nobiseum
619 1098 749 1163 sentire.
782 1097 898 1180 Itaque
921 1099 1019 1162 nimis
1042 1099 1245 1164 stomachose

274 1183 501 1267 Gaallberaal)
524 1190 640 1248 noster
652 1183 688 1247 in
712 1205 762 1246 nie
785 1183 881 1247 simul
905 1193 938 1248 et
970 1183 1043 1248 illos
1064 1184 1173 1248 fuerat
1193 1185 1245 1248 in-

272 1279 391 1335 veotus.
447 1267 544 1351 Quod
578 1267 618 1333 de
653 1270 826 1351 sponsione
860 1270 1064 1352 sumpseram,
1076 1273 1104 1345 ⁴)
1134 1291 1192 1335 our
1214 1278 1246 1334 te

269 1378 416 1440 pungere
438 1352 587 1419 debuerit
609 1375 673 1418 nou
695 1354 798 1422 video.
833 1354 942 1438 Negas
965 1376 1035 1420 esse
1057 1355 1091 1418 in
1110 1354 1245 1419 arbitrio

270 1443 390 1525 privati
409 1442 575 1522 ouiusqam
599 1439 640 1504 de
662 1461 697 1503 re
729 1440 893 1505 communi
915 1440 1092 1523 quidquam
1111 1442 1245 1522 promit·

270 1536 349 1592 tere.
395 1527 496 1608 Atqui
529 1525 685 1607 putabam
718 1546 789 1590 esse
822 1525 903 1590 illud
937 1527 1022 1591 inter
1055 1547 1115 1591 nos
1149 1525 1246 1607 plane

271 1623 488 1678 transactum:
512 1612 538 1675 si
561 1610 602 1674 ad
620 1610 816 1694 colloquium
836 1613 940 1701 voeati
963 1632 1118 1687 essemus,
1142 1634 1246 1695 neque

270 1700 389 1764 iustam
420 1695 590 1762 reeusandi
618 1715 749 1761 oausam
773 1718 878 1779 neque
900 1697 1074 1762 honestum
1095 1711 1245 1779 praetex-

270 1799 340 1852 tum
381 1784 473 1847 nobie
507 1803 586 1847 esse.
640 1781 728 1864 Quid
753 1804 850 1866 porro
879 1781 1030 1866 Philippo
1058 1784 1245 1865 seripserrm

270 1894 312 1934 ex
337 1870 442 1934 verbis
465 1868 545 1950 ipsis
568 1868 689 1933 eortius
711 1889 895 1952 eognosoes.
940 1866 1013 1934 Iam
1037 1867 1182 1949 Philippi
1200 1891 1246 1952 ψ

270 1956 338 2019 sius
360 1955 473 2020 literae
495 1953 716 2029 ostendent‚⁵l
732 1953 813 2018 nihil
837 1955 935 2020 fuisse
957 1956 1063 2037 magis
1087 1962 1244 2037 expeten-

272 2040 360 2110 dum.
382 2062 479 2123 quam
509 2050 545 2103 ut
578 2041 611 2102 in
641 2047 751 2122 partes
781 2049 908 2104 nostras
940 2040 1243 2123 palam·transiret.

271 2126 381 2192 Iaeobi
405 2126 550 2190 Andreae
579 2125 662 2189 nitio
693 2124 874 2190 dissimilis:
903 2128 957 2208 qui
980 2135 1089 2190 temen
1112 2129 1245 2209 etipse,

272 2213 336 2277 nisi
353 2210 521 2276 Brentium
542 2218 711 2288 metueret,
734 2212 812 2275 satis
834 2221 918 2276 esset
942 2210 1062 2277 dooilis.

360 2296 611 2362 adulescentem
636 2306 782 2361 vestrum
794 2295 988 2378 discipulum
1000 2296 1152 2361 hortatus
1170 2318 1244 2360 sum

273 2397 309 2447 ut
331 2402 512 2448 monueras.
562 2382 642 2446 Pius
675 2382 777 2446 frater
798 2382 852 2464 qui
874 2380 915 2446 ad
938 2402 998 2447 vos
1016 2403 1090 2446 oum
1112 2404 1149 2447 eo
1171 2404 1244 2464 pro·

272 2470 441 2544 ficiscitur,
481 2468 610 2551 rogarit
643 2477 679 2530 ut
719 2466 760 2530 ad
795 2466 940 2550 Philippi
977 2467 1090 2533 literas
1123 2466 1244 2548 aliquid

274 2551 563 2620 commendationis
595 2551 758 2617 adderem.
811 2550 1018 2635 Quamquam
1048 2576 1067 2617 a
1097 2552 1247 2636 Philippo

273 2639 444 2704 disoedens
465 2646 626 2701 statuerat
647 2645 736 2702 reeta
757 2636 797 2701 ad
820 2658 880 2703 vos
902 2636 1086 2716 oonoedere,
1108 2638 1172 2703 huo
1190 2661 1244 2703 us·

273 2746 336 2807 que
358 2731 467 2788 tamen
490 2744 510 2787 a
533 2720 679 2805 Caspiae
708 2731 819 2788 nostro
842 2722 1001 2790 adductus
1024 2725 1092 2789 fuit
1132 2723 1246 2789 (laete-

273 2831 348 2874 rum
376 2809 504 2891 quando
531 2808 637 2873 obstat
666 2809 797 2893 linguae
830 2808 1003 2876 diversitas
1026 2831 1067 2875 ne
1090 2810 1181 2874 utilis
1204 2811 1248 2875 sit
1315 2871 1317 2875 a

273 2895 359 2978 apud
382 2915 443 2960 nos
464 2897 533 2959 eius
563 2915 669 2977 opera.
696 2917 786 2961 nuno
813 2916 847 2960 se
870 2895 911 2960 sd
935 2904 1064 2980 portum
1087 2918 1182 2980 quem
1205 2894 1246 2960 ab

274 2981 368 3044 initio
390 2980 452 3045 sibi
473 2978 694 3046 destinaverat
716 2981 839 3063 reeipit.
884 2980 995 3064 Quum
1014 2981 1159 3047 hominis
1177 2981 1245 3064 pie-

274 3079 324 3130 tas
347 3065 491 3148 aliaeque
511 3067 648 3133 virtutos
677 3064 718 3131 ad
735 3065 973 3132 eonciliandum
995 3068 1144 3132 favorem
1167 3068 1247 3132 satis

275 3151 415 3228 valeant,
440 3151 557 3236 dignus
587 3162 697 3216 tamen
727 3164 777 3217 est
808 3174 905 3235 quem
928 3153 1096 3236 excipiant
1116 3163 1247 3217 nostrae

273 3237 437 3316 eeclesiae,
459 3238 499 3302 ob
517 3259 656 3319 quarum
667 3239 928 3303 coniunctionem
946 3262 966 3304 a
983 3238 1159 3322 gentilibus
1177 3239 1248 3304 suis

274 3333 308 3388 et
344 3320 531 3389 Saxonibus
571 3345 699 3406 quoque
720 3324 877 3407 expulsus
911 3334 968 3390 est
1024 3325 1159 3389 Homini
1192 3325 1246 3408 pio

273 3406 418 3474 modesto
439 3418 471 3472 et
482 3408 609 3473 erudito
628 3409 730 3486 facile,
753 3419 907 3492 mopere,
926 3410 1068 3474 eonditio
1091 3410 1141 3475 vel
1160 3407 1247 3494 apud

274 3516 333 3561 vos
350 3493 405 3559 vol
427 3495 463 3558 in
484 3493 608 3558 ditione
630 3494 813 3558 Bernstum
832 3496 988 3580 obtinget.
1033 3496 1127 3573 Vale,
1150 3515 1245 3561 orna·

274 3581 402 3645 tissime
430 3580 483 3644 vir
510 3579 760 3644 etvenerande
788 3581 899 3658 frater,
922 3604 996 3648 oum
1019 3603 1122 3646 uxore
1144 3596 1176 3645 et
1197 3581 1246 3644 fa·

273 3665 374 3730 milia.
419 3665 581 3730 Dominus
604 3686 662 3730 vos
684 3685 813 3749 semper
834 3673 967 3732 tueatur
983 3668 1173 3748 inoolumes‚
1194 3687 1246 3731 re·

273 3761 331 3835 gat
365 3751 484 3833 spiritu
517 3771 576 3815 suo
609 3761 642 3815 et
670 3751 847 3830 benedicat,
891 3752 983 3819 Oolle
1008 3755 1034 3819 ‘s
1056 3754 1123 3818 tuis
1145 3753 1246 3835 pluri·

273 3858 360 3902 mam
384 3837 522 3902 salutem
545 3856 669 3919 preaor.
714 3837 869 3903 Genevae
907 3844 953 3903 13.
1008 3839 1129 3905 etobris
1155 3842 1245 3902 1557.

725 3975 865 4040 Ioannes
889 3975 1049 4041 Oalvinus
1072 3982 1159 4042 tuus.

358 4161 489 4225 Literas
503 4159 650 4241 Philaeni
663 4163 792 4238 remitte
802 4164 831 4242 θ)
842 4183 939 4245 quam

272 4247 414 4328 primum
436 4245 566 4310 dabitur
577 4248 687 4312 nunoii
700 4249 937 4330 opportunitas.

347 4519 350 4527 ⁴
376 4534 406 4594 3)
426 4534 470 4589 De
488 4537 538 4589 boo
554 4536 624 4589 utlaii
641 4538 671 4589 in
689 4538 817 4590 tlaeoaaro
833 4544 934 4592 nostro.

375 4605 407 4669 4)
426 4603 520 4658 Etiam
537 4605 581 4659 bio
597 4605 724 4658 hasnam
736 4605 960 4672 &arundineas
978 4608 1008 4659 ia
1026 4609 1095 4660 serie
1108 4609 1160 4662 bae
1177 4610 1246 4676 epis-

272 4674 405 4807 eamd)
424 4738 642 4794 Melanchaetes
659 4706 786 4809 epistolae
804 4742 892 4796 editae
910 4745 979 4797 ailit‘l
996 4744 1048 4797 tale
1063 4745 1194 4812 modunl.

377 4807 406 4876 6)
426 4809 487 4862 Eae
510 4811 585 4877 ipsas
606 4808 639 4862 de
662 4812 761 4879 quobus
783 4827 876 4878 supra
912 4810 950 4866 N.
975 4810 1042 4865 2735
1064 4814 1186 4868 nondam
1209 4815 1249 4869 ad

274 4894 372 4931 manas
390 4893 446 4931 erae
461 4885 576 4944 poterat.

1025 308 1288 376 EPIS'POLAE
1311 313 1523 376 tato-2743

1738 500 1833 572 2741.

1487 653 1723 723 asLVINUs
1759 656 2080 727 BULLINGERO.

1383 826 1538 907 Loquitur
1559 826 1596 891 de
1612 828 1742 911 eatae
1770 829 1907 910 quadam
1934 831 2191 900 Melanablboaia
2234 832 2268 898 Se

1296 916 1325 976 et
1347 909 1467 977 Boram
1489 913 1585 979 minio
1605 912 1738 979 bostiam
1765 915 1894 981 minime
1913 920 2025 985 terrm
2046 918 2198 1000 affimat.

1299 1082 1352 1148 (Elx
1380 1083 1547 1153 autographo
1575 1084 1656 1138 Areh
1675 1085 1763 1139 Turia
1783 1087 1854 1140 Plnt.
1882 1088 1927 1141 Vl.
1953 1089 2013 1143 Vol.
2042 1089 2101 1154 166,
2121 1091 2186 1144 olim
2244 1107 2267 1160 p.

1297 1151 1374 1205 ron.
1392 1150 1436 1216 24,
1455 1153 1500 1206 oi.
1518 1152 1560 1207 56.
1588 1154 1918 1291 lusoriptifflnssdidit
1935 1158 2111 1213 lonvillseus.
2125 1159 2194 1210 -S‘
2232 1176 2267 1213 er.

1298 1390 1491 1457 Clarissimo
1520 1395 1589 1460 viro
1619 1361 1661 1460 Ι).
1690 1396 1859 1463 Henrieho
1888 1397 2082 1482 Bullingero
2120 1400 2267 1467 molesia

1298 1478 1478 1562 digni-inae
1511 1484 1631 1562 pastori
1659 1483 1754 1561 fiatri
1782 1497 1814 1549 et
1842 1494 2044 1569 symmystae
2061 1485 2267 1552 observando

1385 1650 1584 1716 Humanior
1606 1654 1719 1721 esea
1738 1612 1917 1739 reatae.
1962 1657 2100 1722 uanam
2124 1657 2224 1723 neem
2240 1670 2267 1723 a

1202 1784 1208 1796 .
1298 1735 1468 1817 explieate.
1514 1736 1582 1803 Sed
1603 1741 1709 1823 magis
1732 1739 1905 1807 dolendum
1928 1751 1979 1806 est
2005 1744 2169 1809 hostiliter
2189 1745 2267 1808 inter

1202 1870 1208 1881 .
1297 1842 1358 1885 nos
1379 1821 1443 1904 agi.
1485 1823 1577 1888 Bene
1599 1836 1649 1890 est
1671 1826 1756 1908 quod
1778 1829 1939 1894 Dominus
1956 1850 2010 1893 me
2032 1839 2149 1895 eontra
2170 1832 2266 1894 minas

1298 1914 1344 1971 etl
1352 1918 1496 1974 terrores
1527 1911 1708 1977 obduravit
1753 1913 1795 1977 In
1818 1914 1906 1978 Basa
1927 1936 2056 1997 quoque
2079 1935 2147 1981 non
2165 1916 2265 1980 minus

1297 1994 1400 2057 animi
1422 2003 1455 2057 et
1476 1998 1678 2062 oonstantiae
1700 1999 1769 2064 fore
1791 2010 1880 2066 nerto
1904 2021 2080 2080 persuasus
2103 2021 2186 2065 sum.
2200 2006 2224 2076 ¹)

1733 2546 1832 2617 2742.

1547 2702 1780 2769 GALVINUS
1801 2701 2044 2768 VIlRMILIO.

1386 2875 1464 2940 Itali
1489 2874 1680 2943 Geaeveasaa
1706 2875 1775 2939 elas
1801 2874 2028 2938 maeationan
2050 2895 2140 2957 aeqre
2159 2875 2260 2955 feast,

1298 2963 1355 3026 etei
1376 2966 1543 3044 aquosount
1564 2980 1633 3025 eam
1649 2961 1705 3025 aia
1726 2959 1819 3024 aliter
1834 2960 2018 3039 repondere
2029 2962 2183 3040 potuitne.
2214 2957 2261 3024 Ia-

1298 3048 1390 3112 terim
1410 3047 1513 3113 adbuc
1530 3049 1597 3112 sine
1610 3051 1736 3128 pastore
1757 3051 1839 3110 saal.

1299 3217 1511 3288 (Autogrophon
1533 3233 1586 3271 non
1610 3222 1708 3270 exstat.
1748 3217 1946 3285 Dssonpsimus
1969 3234 2003 3269 ox
2021 3218 2090 3269 satis
2107 3218 2208 3272 retenti
2223 3232 2262 3269 ex·

1317 3289 1430 3358 emplari
1449 3287 1522 3340 Bibl.
1539 3286 1640 3340 oetion
1676 3286 1761 3338 Paris.
1781 3286 1848 3340 Coll.
1867 3286 1962 3355 Dupay
1983 3285 2042 3340 Vol.
2056 3284 2118 3348 102,
2135 3286 2180 3340 fol.
2197 3283 2249 3349 50.)

1418 3457 1705 3525 Praestantissimo
1726 3457 1861 3558 viroD.
1884 3457 1983 3521 Petro
2005 3458 2159 3540 Martyri.

1385 3631 1564 3696 Exeusatio
1587 3640 1649 3704 tua,
1662 3632 1684 3694 'l
1707 3625 1893 3692 venerande
1910 3629 2020 3704 frater,
2044 3630 2106 3694 etsi
2129 3627 2266 3694 nondum

1298 3740 1413 3784 omnes
1436 3728 1509 3781 tuos
1530 3714 1668 3799 gentiles
1686 3713 1837 3796 plaoavit‚
1850 3725 1970 3789 tamen,
1993 3724 2032 3778 ut
2052 3715 2203 3792 arbitror,
2221 3735 2267 3780 sa·

1301 3805 1421 3869 tisfeoit
1442 3803 1553 3884 aequis
1577 3817 1610 3864 et
1638 3800 1814 3864 moderatis
1842 3798 2035 3864 hominibus.
2077 3799 2196 3884 siqui
2217 3797 2267 3864 ad·

1300 3891 1364 3955 huo
1386 3890 1636 3955 obmurmurant
1660 3884 1760 3968 (quod
1794 3896 1902 3948 tamen
1930 3885 2095 3950 oaeultum
2124 3894 2198 3964 est),
2215 3884 2270 3950 tibi

1300 3997 1367 4040 non
1407 3976 1505 4039 fuisse
1541 3972 1739 4055 permissum
1778 3969 1955 4036 discessum
1996 3973 2074 4053 quia
2112 3993 2182 4038 non
2218 3993 2270 4054 op-

1300 4063 1439 4135 taveris,
1480 4059 1572 4124 dabis
1602 4057 1731 4123 veniam
1765 4056 1867 4120 nimio
1895 4056 2007 4121 amori.
2058 4058 2115 4123 Me
2150 4077 2270 4141 quoque

1300 4168 1368 4212 non
1408 4144 1561 4210 omnibus
1600 4164 1724 4207 morem
1763 4142 1903 4225 gessisse
1942 4139 2052 4218 video,
2094 4145 2174 4227 quia
2210 4164 2270 4209 non

1299 4234 1444 4317 praeoise
1477 4245 1511 4294 te
1542 4239 1580 4297 et
1602 4230 1723 4311 absque
1755 4228 1823 4292 ulla
1855 4228 2046 4311 exeeptione
2080 4230 2269 4296 voeaverim.

1300 4319 1404 4400 Quasi
1433 4335 1512 4381 vero
1538 4314 1619 4379 mihi
1647 4313 1786 4379 liberum
1814 4313 1915 4378 fuerit
1937 4314 2035 4379 verbo
2057 4335 2124 4380 uno
2146 4332 2270 4382 snorum

1298 4403 1381 4470 illud
1403 4401 1571 4467 vinculum
1587 4422 1650 4483 quo
1666 4399 1841 4464 adstriotus
1861 4420 1933 4464 eras
1951 4401 2156 4483 abrumpere.
2193 4399 2272 4467 Mihi

1299 4511 1380 4556 sane
1396 4507 1570 4553 eommune
1590 4497 1661 4551 erat
1688 4506 1763 4550 eum
1791 4484 1859 4550 illis
1887 4483 2100 4551 desiderium:
2136 4487 2193 4553 sed
2215 4487 2270 4552 hoo

1299 4577 1387 4642 inter
1408 4594 1467 4639 nos
1489 4572 1662 4637 disorimen
1690 4571 1752 4635 fuit
1777 4568 1863 4653 quod
1885 4591 1937 4636 me
1960 4573 2069 4636 tenuit
2086 4572 2212 4672 religio,
2232 4590 2269 4636 ne

1300 4660 1452 4728 eeclesiae
1474 4658 1527 4723 oui
1549 4659 1717 4723 ministras
1739 4656 1971 4733 iusviolarem
1993 4656 2130 4723 liberius
2152 4659 2199 4724 illi
2217 4678 2269 4724 suo

1299 4755 1377 4813 voto
1399 4744 1621 4828 indulgebant
1650 4743 1723 4807 Iam
1741 4752 1852 4808 tamen
1873 4741 1984 4808 sedata
2007 4743 2137 4809 fervore
2159 4763 2269 4829 agnos·

1301 4950 1435 5015 amr)
1454 4947 1570 5018 Siquid
1587 4949 1720 5030 otmar,
1742 4949 1792 5001 boa
1813 4963 1828 5000 e
1854 4947 1965 5001 'stolium
1989 4950 2121 5016 aert'ptrtm
2143 4950 2199 5015 fait
2210 4953 2269 5019 poa

1300 5017 1800 5153 ΛΜ.
1824 5013 2270 5145 ttllusooaaat

1301 5105 1380 5212 bldbdt
1397 5104 1521 5211 allsaellJ
1536 5154 1641 5209 videtur
1658 5153 1696 5208 ad
1714 5153 1871 5222 Ballinqera'
1885 5155 1979 5236 literae
1996 5152 2035 5209 N.
2051 5085 2133 5209 1730.

1301 5225 1396 5280 2742.
1409 5226 1434 5293 1)
1449 5232 1563 5294 propter
1580 5239 1636 5277 nan
1653 5231 1790 5291 acceptam
1810 5228 1975 5279 abraamem
1996 5223 2183 5280 (immam.
