4754 5880
270 337 329 400 167
1017 324 1280 394 ΕΡΙΒΤΟΒΑΕ
1302 325 1514 390 2464-2465
2206 322 2266 384 168

271 540 327 586 me
352 540 419 585 non
446 518 569 592 videre,
601 536 664 599 quo
695 523 788 598 pacto
815 514 914 579 vitari
944 513 1072 596 possint
1102 511 1244 579 absurda
1295 510 1407 577 videre
1429 510 1607 594 quidquam
1629 509 1714 593 quod
1736 508 1826 573 illam
1849 509 1883 572 in
1901 507 2037 574 dubium
2059 527 2177 574 vocare
2201 507 2265 572 ullo

271 625 405 689 prorsus
427 602 580 686 dogmata
601 609 746 666 amente
767 599 947 682 scripturae
965 597 1069 664 modis
1091 598 1243 664 omnibus
1293 597 1391 662 modo
1409 596 1520 680 possit.
1565 593 1816 661 Proinde'aliud
1837 613 1904 658 non
1923 614 2095 677 superesse
2112 614 2212 676 quam
2229 602 2267 658 ut

273 691 389 756 aliena.
443 689 553 771 Atque
583 707 621 752 eo
653 705 756 769 usque
793 686 957 769 progressi
988 705 1102 751 sumus
1134 694 1172 749 ut
1205 704 1244 748 ea
1293 681 1404 747 Deum
1428 701 1567 761 oremus,
1590 689 1629 745 ut
1648 680 1720 763 ipse
1743 680 1911 744 doctrinae
1929 677 2063 743 dissidia
2084 690 2265 763 componat.

274 773 455 860 agnoverit,
479 778 637 856 quantum
659 791 719 854 ego
741 770 871 854 quidem
892 770 1082 836 meminisse
1103 791 1242 853 possem,
1293 769 1420 833 lterum
1433 788 1487 832 me
1508 786 1602 832 orare
1623 764 1708 849 quod
1725 766 1820 831 initio
1838 765 1993 842 dicebam,
2015 773 2054 829 ut
2074 773 2198 848 postea,
2210 764 2266 848 qui

273 860 415 944 quaein
435 879 509 924 mea
535 857 577 923 01
604 858 713 940 ipsum
732 857 869 940 epistola
895 857 984 921 inter
1005 854 1172 939 paradoxa
1193 876 1244 920 re·
1293 856 1327 919 in
1364 853 1427 919 100
1456 852 1680 918 controversia
1707 850 1749 916 ab
1777 854 1864 935 Aug.
1893 850 2096 916 confessione
2126 850 2267 917 dicimur

273 964 397 1012 censeo.
1294 939 1475 1017 dissentire,
1508 938 1570 1002 loci
1598 937 1693 1003 uobis
1724 938 1761 1001 in
1794 936 1852 1001 illa
1884 938 1994 1002 eiusve
2027 936 2188 1020 Apologia
2210 944 2266 1001 aut

359 1028 504 1095 Tandem
528 1036 661 1094 ventum
681 1035 731 1094 est
753 1026 794 1092 ad
806 1026 981 1092 articulum
1003 1025 1043 1090 de
1054 1027 1243 1095 ascensione
1293 1026 1373 1090 actis
1406 1023 1703 1106 Ratisponensibus
1737 1030 2072 1088 commonstrarentur
2103 1023 2159 1104 qui
2192 1042 2265 1087 cum

273 1122 306 1181 et
327 1115 446 1181 dextra
466 1113 569 1196 patris
591 1113 663 1178 Dei.
709 1113 761 1179 Ibi
782 1133 842 1197 ego
863 1112 1060 1194 quaerebam
1077 1111 1242 1194 quodnam
1293 1119 1405 1176 nostra
1438 1109 1585 1176 doctrina
1617 1120 1819 1192 pugnarent:
1854 1108 1975 1190 alioqui
2006 1114 2138 1190 praeter
2170 1129 2265 1173 omne

272 1200 356 1266 illud
382 1199 510 1266 coelum‘
529 1205 616 1264 esset
635 1199 672 1264 in
694 1198 779 1281 quod
802 1197 956 1263 Christus
978 1197 1135 1275 aseendit,
1164 1194 1242 1260 dum
1294 1204 1444 1261 nostrum
1461 1196 1625 1272 meritum,
1648 1194 1789 1276 denique
1812 1201 1846 1258 et
1863 1203 1992 1276 praeter
2005 1214 2138 1259 omnem
2156 1195 2264 1276 aequi·

273 1287 314 1352 ab
342 1285 497 1369 apostolis
517 1285 553 1348 in
574 1284 677 1349 altum
700 1283 893 1366 absumptus
914 1292 1009 1348 esset.
1030 1300 1032 1308 ¹
1053 1281 1243 1365 Responde·
1294 1289 1405 1360 tatem,
1440 1301 1501 1346 nos
1533 1301 1571 1345 eo
1602 1279 1801 1363 praeiudicio
1833 1279 1967 1362 gravari
1996 1277 2082 1362 quod
2116 1279 2156 1345 ab
2179 1281 2262 1363 Aug.

273 1371 338 1448 bat,
365 1370 539 1436 visibiliter
563 1368 694 1452 quidem
721 1368 892 1434 Christum
920 1369 956 1432 in
974 1389 1034 1432 sua
1056 1368 1243 1434 ascensione
1294 1367 1495 1432 confessione
1523 1364 1695 1432 dissentire
1725 1363 1882 1439 dicamur,
1911 1387 1952 1430 ex
1978 1385 2044 1448 qua
2065 1365 2150 1429 nihil
2173 1363 2264 1430 nobis

273 1455 402 1522 visibile
426 1456 525 1520 etiam
554 1455 679 1520 coelum
707 1455 848 1537 petiisse,
880 1453 938 1519 sed
969 1452 1182 1518 invisibiliter
1207 1454 1244 1517 in
1294 1455 1414 1536 opponi
1443 1453 1554 1535 possit.
1602 1449 1723 1533 Sisque
1754 1457 1804 1514 est
1828 1451 1971 1515 solutum
1999 1450 2204 1533 adloquium,
2233 1458 2264 1515 et

273 1541 362 1608 ooelo
379 1541 476 1606 etiam
498 1539 654 1606 invisibili
675 1540 769 1604 illum
790 1560 923 1621 corpore
940 1559 998 1603 suo
1019 1539 1149 1621 abipso
1167 1559 1242 1604 mox
1294 1538 1472 1603 consiliarii
1488 1537 1644 1621 principis
1666 1537 1722 1620 qui
1736 1535 1873 1601 aderant
1890 1535 2043 1602 dicebant
2064 1556 2099 1601 se
2120 1536 2265 1619 Principi

272 1627 509 1694 incarnationis
536 1645 614 1691 suae
641 1634 786 1708 tempere
808 1644 936 1707 semper
956 1624 1068 1701 fuisse,
1090 1627 1183 1691 iuxta
1203 1623 1243 1687 il·
1294 1644 1353 1689 000
1373 1624 1485 1688 omnia
1501 1622 1663 1688 relaturos
1690 1643 1769 1687 esse.

242 1767 244 1773 .
272 1712 330 1777 lud
359 1711 430 1777 Ioh.
453 1715 488 1776 3:
535 1711 640 1776 Filius
669 1711 813 1776 hominis
832 1711 886 1794 qui
909 1720 958 1775 est
975 1711 1011 1774 in
1032 1711 1129 1776 coelo.
1169 1710 1243 1794 Ego
1379 1708 1541 1775 Postridie
1569 1718 1678 1773 autem
1708 1728 1768 1791 ego
1798 1706 1840 1771 11
1866 1707 2035 1772 Brealium
2056 1709 2173 1789 scripsi
2194 1708 2263 1772 lite-

272 1818 368 1880 porro
396 1796 561 1880 respondi,
588 1797 696 1863 locum
725 1796 795 1861 101.
819 1796 945 1860 anihil
967 1795 1008 1859 ad
1029 1795 1092 1861 hoe
1113 1795 1243 1859 instita·
1294 1816 1358 1872 ras,
1372 1798 1398 1877 ¹)
1426 1796 1560 1879 ipseque
1587 1793 1671 1858 mihi
1701 1813 1761 1875 per
1787 1793 1898 1858 literas
1923 1793 2132 1876 respondit2)
2153 1803 2186 1858 et
2207 1815 2264 1878 ego
2343 1860 2346 1867 ,

271 1889 342 1947 tum
367 1882 483 1960 facere,
501 1880 558 1949 sed
579 1902 632 1946 me
656 1882 743 1947 nolle
763 1880 892 1965 ingredi
914 1902 953 1946 ea
974 1880 1015 1945 de
1037 1901 1073 1945 re
1098 1879 1243 1963 disputa·
1293 1901 1425 1945 rursum
1463 1880 1568 1944 literis
1606 1880 1710 1961 ipsius
1734 1878 1896 1962 respondi,
1908 1882 1935 1958 ⁸)
1963 1879 2098 1961 ipseque
2126 1880 2264 1963 acceptis

270 1969 409 2033 tionem:
432 1967 551 2051 alioqui
571 1988 683 2032 omnes
707 1975 835 2033 veteres
857 1967 1095 2032 consentienter
1117 1964 1241 2042 docere,
1292 1965 1404 2030 alteris
1432 1967 1537 2030 literis
1564 1967 1646 2030 meis
1670 1965 1779 2030 nescio
1806 1986 1869 2047 quo
1899 1971 1950 2030 est
1971 1966 2144 2047 profectus,
2167 1965 2215 2031 sic
2231 1973 2264 2030 ut

270 2053 351 2119 haee
380 2051 419 2118 de
447 2052 559 2119 divina
592 2053 752 2118 duntaxat
786 2054 820 2116 iu
855 2051 987 2118 Ohristo
1016 2059 1135 2116 natura
1161 2052 1242 2117 acci·
1291 2072 1397 2135 neque
1420 2052 1501 2115 mihi
1514 2048 1720 2134 responderit
1738 2070 1844 2133 neque
1866 2060 1980 2133 postea
2002 2051 2045 2115 sit
2068 2052 2168 2115 visus.
2204 2052 2263 2116 Die

145 2165 149 2175 ·
292 2138 390 2203 ienda
421 2158 502 2216 esse,
534 2145 568 2203 et
593 2137 660 2203 filio
690 2138 834 2204 hominis
858 2137 958 2203 tribui
987 2136 1072 2219 quod
1101 2144 1153 2202 est
1180 2137 1241 2201 filii
1292 2158 1369 2201 vero
1390 2137 1507 2202 Lunae
1529 2137 1742 2202 Pentecostes
1750 2140 1778 2212 ⁴)
1797 2144 1931 2201 1001100
1953 2135 1994 2200 ad
2006 2137 2170 2220 Principis
2194 2156 2264 2202 con-

269 2158 344 2302 bei,
367 2233 502 2307 propter
513 2223 715 2306 personalem
726 2230 921 2288 naturarum
943 2222 1108 2288 unionem.
1135 2221 1241 2302 Quae-
1292 2222 1431 2288 siliarios
1460 2242 1654 2304 responsum
1687 2221 1748 2286 hoc
1781 2220 1822 2286 ab
1853 2221 1919 2287 illis
1945 2222 2111 2304 Principis
2134 2224 2263 2287 0010111

269 2308 380 2373 rebam
397 2317 510 2391 postea
527 2329 615 2389 num,
632 2307 718 2391 quod
728 2308 902 2375 visibiliter
913 2307 1065 2373 Christus
1076 2306 1239 2374 Dominus
1292 2309 1411 2390 accepi,
1420 2310 1449 2386 ⁶)
1472 2308 1557 2391 quod
1579 2316 1788 2391 posteaquam
1806 2307 1893 2372 inter
1914 2328 1968 2371 me
1990 2316 2023 2372 et
2043 2328 2120 2373 suos
2142 2308 2263 2373 theolo-

269 2395 337 2477 egit
352 2396 386 2459 in
404 2414 465 2459 sua
475 2393 671 2472 ascensione,
687 2415 765 2460 vere
776 2394 876 2458 etiam
888 2394 1001 2478 egerit,
1020 2393 1053 2458 h.
1065 2414 1093 2458 e.
1111 2413 1153 2459 an
1172 2415 1239 2458 non
1291 2414 1349 2477 gos
1381 2414 1447 2458 001
1479 2394 1587 2476 potuit
1624 2393 1806 2471 convenire,
1837 2400 1871 2456 01
1898 2393 2056 2474 Princeps
2085 2393 2263 2459 doctrinam

268 2500 346 2545 vere
368 2481 467 2545 etiam
486 2498 561 2546 cum
577 2499 710 2562 corpore
728 2499 787 2544 suo
807 2480 843 2543 in
864 2479 993 2545 visibile
1007 2478 1134 2544 coelum
1155 2478 1237 2543 illud
1291 2500 1425 2544 suorum
1444 2479 1557 2544 eodem
1580 2480 1650 2545 loco
1672 2479 1794 2544 habeat
1811 2500 1886 2544 cum
1909 2479 2112 2544 confessione
2135 2482 2263 2564 Augus-

267 2565 432 2647 profectus
454 2565 505 2642 sit,
532 2563 805 2647 quemadmodum
831 2564 925 2629 illum
947 2564 1083 2647 apostoli
1105 2565 1240 2630 10111
1292 2573 1379 2643 1000,
1403 2585 1469 2629 000
1491 2565 1595 2647 possit
1620 2565 1780 2647 Princeps
1804 2585 1936 2630 causam
1958 2572 2105 2629 nostram
2128 2585 2188 2630 suo
2211 2587 2262 2649 pa-

268 2649 371 2714 altum
393 2649 591 2715 sublatuma
607 2648 692 2714 nube
707 2659 804 2732 atque
823 2670 864 2713 11
881 2659 1013 2733 aspectu
1035 2650 1181 2732 ipsorum
1203 2650 1240 2714 in
1292 2650 1428 2716 trecinio
1458 2651 1553 2728 tueri,
1582 2671 1689 2733 neque
1715 2651 1815 2716 etiam
1842 2657 1970 2715 nostras
1999 2649 2152 2716 ecclosias
2180 2672 2263 2716 com·

267 2734 408 2799 sublime
426 2733 620 2801 subductum
634 2745 667 2800 et
683 2737 719 2800 in
736 2735 862 2800 coelum
888 2735 1018 2801 visibile
1035 2735 1240 2817 proficiscen·
1291 2735 1554 2801 mandationibus
1584 2736 1651 2801 suis
1680 2756 1881 2820 promovere.
1912 2735 1998 2818 quod
2021 2736 2142 2819 alioqui
2163 2736 2263 2803 liben-

267 2829 334 2884 tem
353 2818 518 2886 viderint?
545 2820 739 2902 Respondit,
756 2833 834 2886 vere
851 2820 1058 2887 haecomnia
1075 2820 1239 2887 accidisse.
1291 2828 1342 2885 ter
1370 2822 1516 2887 facturus
1538 2828 1631 2900 esset,
1657 2842 1773 2904 meque
1801 2831 1834 2886 et
1861 2842 1951 2886 meos
1978 2840 2092 2887 omnes
2115 2823 2263 2888 omnibus

267 2904 364 2982 Vere,
377 2906 410 2969 in
433 2925 519 2984 uam,
542 2907 652 2989 igitur,
675 2922 792 2989 corpus
810 2905 937 2972 Ohristi
959 2914 1028 2970 tum
1050 2906 1091 2971 de
1112 2906 1183 2972 loco
1204 2907 1239 2971 in
1291 2907 1483 2972 clementiae
1511 2908 1626 2973 officiis
1658 2915 1943 2990 prosequuturum,
1967 2907 1995 2971 si
2017 2928 2084 2972 uon
2107 2908 2169 2974 hoe
2192 2907 2263 2975 doo-

267 2988 374 3055 locum
401 2926 599 3057 1111110111
626 2991 765 3057 sublime
792 2990 985 3057 1101111111
1007 2992 1237 3057 auferebatur.
1290 2993 1396 3058 trinae
1424 2991 1594 3058 dissidium
1624 2993 1777 3058 obstaret
1821 2990 1947 3076 Optare
1974 2993 2107 3058 interim
2137 2995 2263 3062 Princi-

267 3074 352 3139 Item
374 3096 453 3141 vere
472 3077 571 3142 etiam
582 3097 715 3160 corpore
737 3097 806 3156 suo,
823 3076 925 3142 donec
947 3075 987 3141 01
1009 3075 1149 3142 eundem
1167 3098 1238 3143 mo·
1291 3098 1366 3160 pem
1388 3085 1427 3143 ut
1444 3077 1614 3144 dissidium
1636 3077 1700 3143 hoc
1718 3077 1882 3144 doctrinae
1900 3079 2051 3161 componi
2068 3080 2181 3163 possit
2221 3081 2264 3146 llt

269 3159 349 3227 dum
377 3162 498 3240 redeat,
525 3170 740 3246 exspectetur.
785 3162 957 3243 Quatenus
984 3181 1071 3246 ergo,
1094 3163 1238 3246 inquam,
1288 3162 1350 3229 hoc
1380 3184 1536 3246 responso
1569 3171 1700 3246 accepte
1729 3164 1891 3247 respondi,
1925 3185 1991 3229 non
2014 3184 2085 3230 esse
2114 3174 2262 3232 nostrum

269 3263 347 3310 1111
379 3267 513 3330 corpore
548 3255 765 3331 exspectatur,
801 3248 961 3314 hactenus
995 3268 1075 3312 sane
1103 3269 1238 3331 corpore
1289 3251 1505 3330 pronunciare
1528 3271 1609 3313 num
1628 3249 1784 3327 doctrina,
1807 3270 1904 3332 quam
1928 3270 1970 3314 ex
1989 3249 2151 3334 Principis
2173 3252 2263 3318 theo·

270 3349 329 3394 suo
350 3331 404 3398 hic
424 3332 460 3396 in
481 3332 579 3398 terris
600 3354 678 3399 vere
695 3354 762 3398 non
783 3332 884 3399 adest.
928 3333 1021 3398 Haec
1034 3333 1122 3398 enim
1140 3333 1238 3399 simul
1288 3333 1373 3418 logis
1405 3334 1578 3413 audissem,
1609 3334 1722 3400 eadem
1750 3342 1837 3400 esset
1866 3355 1939 3402 cum
1968 3335 2172 3402 confessione
2194 3341 2261 3403 Au·

270 3433 337 3479 non
358 3417 581 3497 consisterent,
608 3440 686 3484 vere
707 3439 840 3503 corpore
857 3426 896 3482 ut
917 3439 991 3484 eum
1014 3417 1160 3485 dieamus
1177 3440 1238 3485 suo
1288 3427 1439 3502 gustans,
1461 3419 1621 3503 nisiquod
1643 3440 1703 3485 nos
1724 3419 1816 3486 illam
1837 3421 1872 3485 in
1893 3422 1977 3487 0001·
1989 3422 2076 3505 Aug.
2099 3444 2262 3506 nusquam

269 3497 364 3564 nobis
387 3502 440 3568 hic
457 3501 570 3569 adesse
591 3512 625 3570 et
640 3524 719 3572 vere
739 3525 873 3654 corpore
892 3503 1023 3570 aliunde
1046 3505 1237 3587 exspectari.
1289 3503 1466 3584 videamus,
1497 3506 1554 3570 sed
1577 3527 1678 3588 quum
1696 3504 1780 3571 nlhil
1801 3505 1898 3571 uobis
1921 3508 2080 3573 hactenus
2096 3529 2261 3575 common·

269 3583 335 3648 Hie
363 3604 439 3650 1110
456 3608 521 3652 000
554 3588 643 3654 aliud
663 3608 782 3672 respon
806 3590 929 3667 1111111,
951 3610 1050 3672 quam
1066 3589 1239 3656 invisibili·
1288 3597 1429 3656 01111111
1457 3599 1543 3657 10001
1576 3592 1612 3655 11
1634 3592 1716 3658 0011.
1747 3595 1833 3677 Aug.
1866 3612 2018 3677 pugnans
2046 3614 2122 3659 oum
2150 3605 2262 3661 nostra

271 3676 322 3733 111
360 3668 473 3736 111001
504 3681 537 3737 01
567 3674 738 3740 visibiliter
765 3676 955 3758 exspectari.
1008 3674 1075 3741 Sed
1103 3675 1238 3740 interim
1289 3674 1445 3754 doctrina,
1474 3699 1534 3743 nos
1556 3698 1635 3744 sane
1655 3678 1772 3743 merito
1794 3678 1958 3744 affirmare
1978 3678 2066 3761 quod
2088 3679 2124 3743 in
2146 3681 2261 3763 quibus

270 3754 484 3853 veraetiam,
512 3759 652 3840 inquam.
692 3759 781 3826 Vere
801 3760 1051 3843 responderunt,
1074 3768 1237 3843 quatenus
1288 3781 1479 3827 accusamur
1507 3763 1548 3828 ab
1570 3766 1659 3848 Aug.
1685 3763 1766 3829 conf.
1790 3763 1999 3829 nullomodo
2023 3764 2260 3845 dissentiamus,

271 3839 451 3905 visibiliter.
505 3841 613 3924 Atque
646 3845 691 3910 ibi
729 3845 785 3910 alii
817 3846 917 3911 etiam
948 3866 1009 3910 sua
1041 3854 1238 3931 argumenta
1288 3854 1322 3911 et
1349 3855 1480 3929 praeter
1504 3849 1660 3915 meritum
1688 3855 1840 3914 nostrum
1858 3850 1930 3914 fieri
1951 3848 2036 3932 quod
2059 3849 2100 3914 ab
2117 3851 2176 3917 illa
2198 3851 2260 3918 dis·

269 3924 415 4007 proferre
445 3946 505 3991 sua
533 3947 671 4009 persona
692 3939 877 4013 coeperunt
921 3931 1017 3996 Alius
1039 3931 1238 4013 producebat
1288 3932 1412 3997 sentire
1439 3930 1596 3999 dicamur.
1653 3934 1750 4015 Quod
1779 3955 1860 4001 vero
1881 3933 1923 3999 01
1941 3935 2106 4018 Principis
2123 3938 2260 4021 patroci-

269 4007 354 4075 illud
371 4010 457 4091 Eph.
487 4014 523 4076 4:
567 4012 727 4078 Ascendit
744 4035 843 4100 super
861 4036 975 4081 omnes
992 4017 1098 4081 coelos
1116 4025 1154 4081 ut
1175 4017 1237 4081 im·
1288 4018 1380 4082 nium
1403 4017 1531 4097 attinet,
1548 4039 1609 4082 nos
1626 4018 1756 4102 quidem
1777 4019 1915 4086 meliora
1932 4041 2080 4103 sperasse
2102 4022 2143 4088 de
2164 4024 2260 4089 Prin·

269 4095 358 4179 pleat
380 4096 497 4160 omnia.
538 4096 633 4161 Alius
653 4118 697 4195 ex
718 4103 791 4194 Act.
813 4105 849 4166 3:
889 4099 1044 4183 Oportuit
1066 4101 1237 4168 Christum
1288 4103 1369 4185 cipis
1393 4102 1576 4181 clementia,
1607 4103 1665 4169 sed
1692 4113 1803 4171 temen
1831 4104 1897 4171 Dei
1920 4106 2014 4172 nobis
2044 4109 2260 4190 patrocinium

270 4180 396 4246 coelum
418 4200 544 4264 capere,
566 4190 606 4246 ut
626 4181 780 4249 vrdehoet
801 4184 953 4251 (11110100
973 4187 1098 4253 coelum
1120 4188 1237 4270 capiat,
1287 4209 1355 4253 nou
1380 4206 1451 4254 esse
1479 4189 1678 4267 defuturum,
1705 4191 1979 4273 quemadmodum
2008 4193 2259 4260 100110001οο

270 4286 337 4331 non
354 4266 458 4365 ,coelo
486 4267 640 4349 capiatur.
689 4266 777 4333 Item
803 4289 845 4333 11
867 4268 967 4336 Η111.
991 4277 1024 4336 4:
1067 4272 1237 4340 Habemus
1288 4272 1400 4352 defuit,
1412 4275 1540 4340 etiamsi
1551 4275 1706 4364 humanis
1717 4277 1888 4361 praesidiis
1899 4276 2126 4344 destituamur.
2160 4280 2286 4346 Illum·

270 4353 458 4435 pontrficem
484 4353 540 4435 qui
565 4353 753 4450 penetravit
776 4354 889 4420 coelos.
932 4356 1103 4423 Postremo
1129 4358 1236 4440 profe·
1288 4379 1359 4425 esse
1381 4367 1499 4426 testem
1516 4368 1648 4426 nostrae
1669 4362 1876 4428 innocentiae
1898 4370 1932 4427 et
1954 4363 2033 4428 elim
2055 4366 2154 4430 etiam
2176 4366 2259 4432 iudi-

271 4435 365 4502 rebat
395 4457 481 4501 unus
509 4457 551 4501 11
578 4437 646 4502 rllrs
672 4458 714 4502 11
738 4438 819 4505 Luc.
847 4444 887 4504 4:
933 4441 1069 4507 Ocelum
1094 4451 1127 4507 et
1149 4452 1237 4509 terra
1287 4465 1358 4510 cem
1379 4445 1447 4510 fore
1461 4446 1607 4511 omnium
1630 4455 1788 4513 nostrum.
1821 4448 1890 4514 Nos
1912 4449 2025 4532 itaque
2043 4449 2132 4516 illius
2150 4460 2259 4537 patro·

272 4520 474 4619 transibunt,
508 4523 617 4604 sicque
657 4524 961 4607 argumentabatur:
1008 4525 1047 4591 Si
1085 4526 1237 4595 Christus
1286 4530 1372 4596 01010
1393 4550 1524 4597 oausam
1545 4552 1676 4597 omnem
1694 4542 1839 4600 nostram
1860 4535 2051 4618 permittere
2071 4558 2179 4620 neque
2200 4537 2259 4603 dif-

271 4606 435 4705 Dommus
455 4626 589 4690 corpore
616 4627 676 4673 suo
697 4609 800 4673 estin
821 4615 909 4675 certo
930 4608 1039 4693 aliquo
1055 4612 1136 4677 coeli
1155 4614 1236 4693 loco,
1285 4614 1387 4681 fidere
1419 4615 1482 4681 hae
1502 4617 1539 4681 in
1567 4626 1660 4700 parte
1681 4619 1770 4685 illius
1798 4618 1945 4691 bonitati,
1990 4621 2048 4687 Me
2069 4629 2184 4689 tamen
2205 4623 2260 4690 ad-

273 4710 351 4839 1ᾗο
372 4690 568 4773 hquescente
600 4692 688 4758 coelo
718 4693 797 4758 olim
826 4714 943 4779 corpus
965 4714 1091 4778 quoque
1111 4696 1236 4766 Ohristi
1286 4699 1351 4766 huc
1371 4720 1491 4785 cupere
1508 4724 1583 4768 cum
1594 4702 1746 4788 Principe
1767 4704 1838 4788 ipso
1860 4705 1960 4790 loqui,
1984 4708 2011 4772 si
2032 4707 2139 4789 liceat,
2153 4711 2259 4793 prius-

273 4795 310 4842 00
347 4783 487 4858 quescet,
509 4784 542 4841 et
562 4779 670 4844 visum
699 4786 749 4844 est
770 4780 833 4845 hec
849 4789 1080 4865 argumentum
1097 4781 1170 4850 aliis
1190 4785 1237 4851 ita
1284 4804 1383 4868 quam
1404 4786 1486 4852 mihi
1507 4787 1692 4857 abeundum
1713 4797 1807 4856 esset.

272 4859 443 4943 plausibile
463 4869 501 4926 ut
518 4862 548 4926 ei
568 4862 758 4947 responderi
776 4886 843 4931 non
862 4885 957 4947 posse
978 4874 1141 4948 putarent
1287 4909 1491 4921 -—

358 4943 450 5011 Haec
471 4967 548 5012 vero
568 4969 669 5032 quum
686 4948 841 5030 viderem,
863 4951 931 5015 dixi
948 4970 1001 5017 me
1022 4960 1072 5016 tot
1093 4953 1159 5018 iam
1181 4975 1238 5021 au·
1287 4957 1421 5023 24811)
1441 4959 1480 5015 Ν.
1496 4959 1574 5014 2460.

275 5028 394 5096 divisse
416 5040 453 5095 01
474 5051 541 5096 000
562 5034 702 5116 amplius
719 5036 802 5100 mihi
825 5057 885 5119 ego
912 5057 1043 5102 sumere
1064 5037 1164 5104 velim
1185 5063 1237 5107 re·
1388 5027 1405 5081 2
1435 5026 1475 5083 N·
1491 5027 1567 5083 ²4⁶¹·

273 5113 453 5199 spondendi
473 5119 683 5200 provinciam,
705 5119 763 5186 sed
783 5140 836 5186 me
858 5122 989 5186 interim
1010 5122 1051 5188 de
1071 5143 1145 5190 mea
1163 5125 1237 5192 doc-
1388 5095 1419 5231 ff)
1436 5095 1626 5221 ffiffiap·

274 5200 363 5266 trina
387 5209 513 5268 certum
532 5202 611 5288 {esse
638 5225 680 5271 ex
703 5204 801 5272 verbo
829 5205 903 5286 Dei,
931 5228 1035 5291 neque
1056 5230 1109 5275 me
1129 5210 1236 5280 adhuc
1389 5233 1418 5300 1)
1441 5234 1509 5289 Vtar
1525 5236 1556 5290 ia
1572 5234 1833 5304 1011011111.
