4778 5888
120 339 185 402 293
959 340 1040 402 1556
1063 336 1289 404 ΒΕΡἜΕΜΒ.

2057 346 2127 409 294

120 530 295 590 manerent
316 523 494 590 discordiae
516 523 684 607 quaedam,
713 525 906 607 praesertim
932 525 1009 607 quia
1037 524 1093 589 ob·
1145 525 1219 610 pius
1241 525 1371 608 repetiit
1392 525 1593 608 Aapastinas
1609 547 1645 590 se
1665 527 1738 591 istis
1755 527 2014 595 accusationibus
2031 530 2122 601 nolle
2167 562 2171 567 ·

121 609 279 676 tendebat
300 610 500 693 Aayasticcs
521 610 583 676 sibi
604 631 739 677 causam
760 631 830 676 esse
852 610 899 675 Μ.
924 611 1095 676 Volercodi
1146 611 1204 689 uti,
1237 611 1412 676 statuimus
1444 621 1478 674 et
1508 612 1775 694 pronunciamus,
1806 613 1872 679 illis
1903 614 1939 677 in
1971 613 2123 682 faunum

121 695 306 773 accusandi,
339 696 405 759 imc
426 716 535 761 coram
561 696 762 780 amplissimo
789 703 905 761 senatu
934 697 1094 762 actionem
1146 704 1277 779 tempus
1294 697 1425 761 omuino
1444 695 1603 761 deiectum
1625 717 1696 762 esse
1714 718 1833 780 easque
1853 720 1912 781 pro
1929 700 2029 766 nullis
2051 724 2123 768 esse

121 791 238 849 eontra
250 800 325 845 eum
335 781 563 860 intentaverat,
581 783 703 847 ecuius
715 802 890 865 progressu
901 781 1095 847 metuendae
1147 781 1322 860 habendas,
1345 803 1383 848 ac
1404 781 1433 846 si
1454 782 1495 847 ab
1516 782 1588 864 ipso
1610 792 1686 847 ante
1705 784 1785 849 haec
1808 792 1982 851 retractata
2000 798 2122 866 essent,

121 878 220 932 eraut
240 867 406 951 graviores
427 868 541 933 turbae
563 889 662 950 quam
684 875 794 932 antea:
824 867 939 932 ambae
963 869 1094 933 demum
1149 879 1187 931 ut
1208 867 1301 932 nulla
1322 867 1448 932 macula
1470 868 1505 931 in
1527 868 1574 932 Μ.
1605 868 1781 935 Vulcrcodc
1802 869 1944 935 baereat.

122 963 235 1037 partes
257 974 316 1035 per
338 952 401 1016 Dei
423 954 561 1035 gratiam
584 962 819 1019 consenserunt
852 954 885 1017 in
913 952 1094 1030 arbitrium,
1234 952 1405 1034 Quantum
1429 952 1470 1017 ad
1494 954 1636 1035 primum
1659 955 1841 1032 articulum,
1865 955 1920 1020 ubi
1949 967 2123 1023 accusatur
2143 958 2175 1007 -‘

121 1038 313 1122 pellicentes
331 1037 488 1120 quidquid
507 1059 526 1102 a
545 1039 637 1104 nobis
655 1038 884 1103 decerneretur
905 1038 967 1103 sibi
987 1046 1097 1103 ratum
1148 1039 1195 1103 Μ.
1227 1038 1423 1104 valerandus
1444 1037 1530 1121 quod
1558 1050 1671 1104 contra
1699 1060 1796 1122 quam
1824 1040 1988 1123 pollicitus
2016 1042 2124 1109 fuerat

122 1135 159 1188 et
189 1124 321 1188 firmum
360 1122 430 1188 fere
458 1123 563 1187 instar
601 1126 718 1189 arresti
756 1124 994 1189 irrevocabilis:
1035 1125 1096 1189 hac
1149 1134 1284 1188 conatus
1302 1125 1345 1189 sit
1365 1125 1507 1189 retinere
1529 1125 1564 1188 in
1582 1125 1686 1191 officio
1704 1127 1847 1191 seniores
1865 1147 1945 1209 quos
1961 1126 2123 1193 habuerat

122 1221 236 1275 temen
258 1209 329 1292 lege
351 1218 389 1272 ut
410 1210 590 1274 sententiae
618 1210 684 1273 iam
706 1208 813 1275 dictae
841 1231 920 1275 suus
949 1217 1098 1274 maneret
1150 1209 1391 1295 Glassoviae,⁸)
1430 1211 1698 1291 pronunciamus,
1740 1213 1866 1277 etiamsi
1902 1215 2123 1279 continuasset

123 1296 255 1378 integer
276 1297 383 1378 vigor:
415 1293 532 1359 deinde
559 1316 600 1359 ne
623 1295 699 1378 quid
722 1304 869 1361 moveret
897 1295 1097 1378 Aapaste'aas
1150 1316 1218 1372 eos,
1252 1316 1320 1360 non
1353 1294 1547 1360 vertendum
1581 1297 1611 1360 ei
1640 1297 1719 1361 vitio
1748 1318 1832 1376 esse,
1866 1297 2009 1380 adeoque
2038 1301 2124 1365 iuste

122 1392 238 1446 contra
258 1379 404 1444 ordinem
423 1400 627 1445 communem
645 1380 809 1457 ecclesiae,
832 1381 890 1445 scd
908 1391 1039 1445 tantum
1062 1382 1096 1444 in
1148 1381 1247 1445 fuisse
1284 1380 1519 1464 reprehensum
1552 1379 1636 1463 quod
1675 1402 1730 1446 eos
1771 1384 1980 1465 praeterisset
2017 1406 2119 1467 quum

122 1486 299 1549 personam
322 1465 368 1529 M.
399 1464 569 1531 Volercadi
591 1475 710 1548 ageret.
1149 1466 1252 1530 nihilo
1274 1467 1384 1531 minus
1412 1467 1560 1549 magistri
1591 1477 1701 1532 esseut
1729 1467 1763 1531 in
1796 1488 1854 1533 suc
1887 1469 1992 1552 gradu
2023 1489 2119 1553 quam

212 1551 279 1615 Nos
306 1571 384 1634 ergo
412 1551 554 1615 Ioannes
585 1550 743 1628 odoinus,
772 1552 913 1617 Ioannes
935 1574 956 1616 a
986 1553 1096 1631 Lusco,
1136 1553 1222 1633 ipsi,
1244 1552 1361 1616 saltem
1383 1550 1485 1617 donec
1508 1552 1602 1616 aliter
1623 1563 1832 1637 prospectum
1854 1554 1945 1619 foret.
1978 1556 2119 1619 Tantum

122 1638 288 1703 Rcbertus
299 1637 683 1715 Hcruu3,Laurentiusc
696 1637 904 1715 Ncmacuuic,
912 1642 937 1715 1)
958 1637 1098 1702 Ioannes
1149 1639 1183 1701 in
1206 1658 1244 1702 eo
1265 1637 1394 1720 culpam
1416 1636 1690 1718 deprehendimus
1719 1639 1804 1720 quod
1828 1661 1928 1721 quum
1956 1640 2120 1722 pellicitus

125 1722 305 1803 Crispinus,
327 1722 469 1786 Ioannes
493 1721 629 1800 Pierius,
653 1723 807 1788 Nicolaus
843 1723 943 1789 Wclct
974 1731 1007 1788 et
1027 1723 1096 1788 Eu·
1150 1732 1236 1788 esset
1265 1723 1463 1788 Valcrcndas
1484 1720 1618 1787 liberam
1646 1724 1715 1787 fore
1745 1724 1936 1789 electionem
1966 1725 2121 1791 fratribus

123 1808 268 1873 stathius
293 1808 502 1890 &maetam
529 1806 645 1873 delecti
674 1809 797 1886 arbitri,
822 1817 952 1893 recepto
974 1810 1009 1872 in
1038 1828 1097 1872 uos
1150 1808 1207 1890 qui
1238 1808 1302 1873 huc
1340 1808 1570 1886 concederent,
1608 1829 1676 1872 nou
1713 1807 1869 1875 indicavit
1906 1811 1990 1876 hanc
2028 1831 2122 1875 suam

123 1914 233 1970 onere,
264 1893 454 1976 etquidem
483 1913 522 1957 ea
543 1894 727 1959 conditione
754 1895 945 1978 interposita
973 1893 1013 1958 de
1034 1914 1099 1977 qua
1150 1894 1371 1959 astrictionem
1394 1892 1511 1976 quibus
1533 1895 1684 1976 oportuit,
1708 1896 1783 1977 quia
1804 1895 1839 1958 in
1867 1896 1932 1960 ista
1962 1896 2123 1961 varietate

125 1979 252 2045 dictum
274 1986 332 2056 est,
355 1980 505 2044 invocato
527 1978 592 2044 Dei
615 1981 746 2044 nomine
764 1988 801 2044 ut
818 2002 877 2046 nos
899 1980 1019 2063 dirigat
1040 1999 1098 2044 suc
1150 1999 1283 2046 causam
1305 1978 1395 2044 dedit
1415 1979 1558 2044 offensae
1579 1979 1777 2063 fratribus.⁴)
2067 2043 2068 2047 ,

124 2065 246 2148 spiritu
267 2064 307 2128 ad
331 2086 469 2148 aequum
491 2074 680 2146 rectumque
702 2064 867 2143 iudicium,
897 2066 937 2129 ad
960 2065 1098 2149 gloriam
1236 2064 1406 2145 Quantum
1428 2063 1470 2128 ad
1491 2065 1679 2142 secundum,
1708 2065 1761 2129 ubi
1783 2063 1934 2129 obiicitur
1955 2066 2001 2131 Μ.
2033 2066 2122 2132 Vulc-

123 2151 268 2215 nomiuis
301 2150 354 2215 sui
383 2160 417 2215 et
448 2149 602 2215 ecclesiae
639 2172 717 2216 suae
757 2150 1030 2228 aedificationem,
1062 2151 1098 2214 iu
1149 2150 1248 2214 raudo
1268 2149 1355 2232 quod
1376 2170 1562 2233 proponens
1591 2170 1703 2215 eorum
1732 2152 1867 2215 nomina
1896 2152 1951 2233 qui
1981 2152 2124 2236 eligendi

124 2237 394 2318 disceptationem
416 2236 579 2318 progressi
602 2257 716 2302 sumus
739 2237 800 2302 hac
821 2236 934 2301 forma.
973 2236 1099 2318 Nempe
1150 2244 1260 2300 essent
1289 2235 1330 2300 ad
1358 2257 1477 2300 munus
1505 2237 1671 2300 seniorum
1699 2237 1956 2318 praetermiserit
1988 2238 2125 2320 eosqui

123 2321 220 2387 lectis
242 2319 501 2387 accusationibus
523 2343 606 2404 quae
629 2321 722 2386 uobis
740 2323 859 2404 scripto
877 2321 1004 2387 oblatae
1022 2329 1099 2386 sunt
1150 2323 1240 2405 prius
1261 2322 1401 2386 fuissent
1422 2322 1590 2399 nominati,
1609 2331 1642 2386 et
1662 2324 1696 2385 in
1718 2342 1854 2403 quorum
1873 2323 2023 2390 examine
2041 2321 2124 2406 legi·

124 2422 160 2473 et
194 2408 345 2473 articulos
374 2409 543 2473 continent
570 2407 692 2490 viginti
721 2406 879 2489 quinque,
913 2406 1099 2471 audivimus
1150 2408 1232 2470 tima
1264 2408 1348 2471 ratio
1385 2414 1516 2471 servata
1548 2415 1606 2485 cst,
1638 2415 1810 2490 postquam
1845 2406 1886 2469 D.
1922 2407 2124 2490 Glcabarpas

124 2513 259 2558 rursum
294 2512 373 2574 quas
417 2493 464 2556 Μ.
516 2492 712 2558 chcrcadas
761 2494 985 2559 excusationes
1031 2503 1099 2557 tam
1152 2494 1348 2557 sententiam
1366 2513 1459 2556 suam
1482 2491 1574 2556 nobis
1598 2492 1831 2576 interpretatus
1860 2502 1918 2568 est,
1948 2494 2033 2575 quod
2063 2495 2125 2557 sci·

124 2579 247 2661 scripto
256 2580 285 2653 ²)
307 2598 403 2660 quam
426 2597 481 2641 ore
504 2579 645 2659 protulit,
670 2578 787 2643 deinde
809 2580 979 2661 utriusque
1002 2577 1099 2660 repli·
1151 2578 1227 2643 licet
1248 2578 1311 2641 huc
1333 2585 1462 2641 tantum
1484 2578 1638 2660 spectarit
1664 2590 1703 2642 ut
1728 2588 1801 2642 rata
1821 2586 1908 2642 essct
1933 2578 2046 2643 electio
2074 2599 2125 2642 se·

124 2686 195 2730 cas:
218 2673 329 2746 postea
352 2669 451 2728 testes
473 2664 625 2747 utrinque
648 2663 806 2729 adductos
827 2664 1100 2741 examinavimus,
1152 2664 1280 2728 nicrum
1303 2663 1343 2727 dc
1364 2684 1429 2745 qua
1450 2662 1615 2747 litigatum
1632 2663 1749 2743 fuerat,
1771 2671 1805 2728 et
1826 2685 1867 2728 ne
1888 2663 1929 2727 ad
1947 2685 2019 2728 cam
2036 2662 2126 2728 labe-

123 2750 239 2814 literas
256 2759 289 2813 et
309 2748 502 2813 documenta
518 2749 659 2833 legimus
682 2769 765 2831 quae
783 2749 824 2814 ad
842 2749 1101 2831 patefaciendam
1152 2747 1335 2814 sectandam
1360 2747 1536 2831 quidquam
1569 2750 1604 2812 iu
1638 2757 1804 2831 posterum
1831 2758 2033 2825 moveretur,
2062 2750 2123 2815 sibi

124 2855 239 2899 rerum
273 2835 442 2900 veritatem
476 2835 581 2898 facere
611 2835 684 2898 visa
712 2843 798 2899 sunt.
859 2835 1030 2899 Postremo
1059 2833 1101 2897 ad
1153 2842 1264 2899 tamen
1292 2854 1359 2898 non
1389 2835 1487 2899 fuisse
1517 2843 1715 2916 compertum
1746 2856 1788 2898 an
1817 2844 1981 2916 peccasset
2012 2836 2047 2898 in
2069 2834 2127 2898 illa

123 2920 347 2989 discutiendos
369 2920 513 3002 singulos
535 2920 688 2999 articulos
699 2919 933 2998 descendimus,
956 2928 994 2984 ut
1014 2939 1100 2984 seor·

125 3027 202 3072 sum
224 3007 309 3071 facto
331 3005 483 3069 examine
504 3004 624 3070 clarius
646 3006 786 3088 liqueret
804 3016 879 3070 uter
898 3006 935 3069 in
957 3025 1101 3087 unoquo·

126 3113 193 3175 que
209 3090 261 3156 vel
284 3091 355 3156 iure
373 3093 535 3155 niteretur
556 3092 609 3156 vel
631 3090 812 3175 culpandus
834 3101 927 3156 esset.

214 3175 341 3257 Quibus
365 3177 505 3259 peractis
531 3178 567 3241 in
595 3176 684 3243 hunc
710 3177 765 3260 qui
794 3177 942 3260 sequitur
969 3175 1102 3240 modum

125 3263 328 3329 sententiam
349 3263 495 3344 proferre
520 3264 626 3327 visum
656 3270 715 3327 est.
769 3263 873 3327 Porro
903 3263 979 3344 quia
1004 3262 1102 3326 aliam

124 3348 367 3414 accusationem
389 3349 454 3411 iam
484 3349 684 3432 Aaqaatiucs
710 3348 779 3496 ipse
808 3348 1038 3424 intentaverat,
1069 3355 1103 3412 et

125 3432 290 3499 iudicibus
319 3454 338 3497 a
370 3441 486 3498 senatu
520 3434 669 3511 delectis,
703 3433 760 3497 ui
790 3433 886 3525 plura
916 3432 1104 3516 complexus

125 3529 199 3585 erat
224 3518 277 3583 vel
299 3526 386 3584 certe
412 3518 560 3584 acerbius
587 3527 620 3583 et
647 3518 884 3583 amarulentius
905 3525 1105 3584 tractaverat

126 3625 229 3688 quam
250 3626 338 3670 nunc
355 3625 465 3669 coram
486 3603 580 3669 nobis
601 3606 720 3682 feccrit,
739 3604 928 3669 exciderant
945 3604 1044 3668 etiam
1062 3624 1103 3667 ex

126 3689 435 3774 creeiusquacdam
448 3690 608 3756 convicia:
632 3689 812 3773 postularat
833 3690 879 3754 M.
907 3688 1104 3755 Valsraadas

125 3775 241 3840 omnia
272 3795 360 3840 nunc
391 3776 500 3840 vocari
528 3776 563 3839 in
601 3776 758 3840 rationem
792 3783 830 3839 ut
861 3777 956 3839 fieret
988 3782 1103 3840 exacta

125 3861 282 3944 cognitio.
332 3861 472 3943 Excepit
493 3869 603 3925 autem
624 3860 836 3945 Aapastfacs,
859 3856 960 3943 quum
981 3858 1104 3926 iudices

125 3947 269 4011 liberum
301 3946 363 4012 sibi
395 3956 428 4010 et
459 3947 626 4030 integrum
665 3946 818 4012 fecissent
850 3944 1030 4010 deliberare
1062 3945 1104 4009 ad

124 4039 255 4097 certum
277 4041 341 4097 tem
367 4054 415 4109 us,
445 4031 586 4097 velletne
608 4039 695 4097 stare
716 4032 751 4096 iu
780 4033 952 4115 proposito,
980 4052 1014 4095 se
1036 4050 1102 4096 ncn

125 4115 289 4201 adstringi
312 4052 366 4182 od)
374 4117 551 4201 repetenda
572 4118 682 4183 omnia
699 4138 780 4200 quae
802 4125 881 4183 tuuc
903 4115 1047 4181 dixerat:
1071 4122 1104 4181 et

124 4223 314 4286 quanquam
332 4203 478 4286 elapsum
500 4204 567 4268 iam
584 4212 655 4268 erat
676 4209 814 4286 tempus,
837 4203 913 4286 quia
935 4209 1045 4266 tamen
1067 4202 1104 4266 in

125 4288 192 4353 hoc
213 4297 301 4354 statu
323 4290 417 4354 nobis
439 4289 561 4354 tradita
588 4308 686 4355 causa
706 4289 815 4354 fuerat
836 4295 870 4354 et
897 4288 976 4370 quia
1004 4287 1102 4352 etiam

125 4394 168 4438 ca
190 4373 230 4439 de
250 4396 285 4438 re
307 4373 464 4439 admoniti
486 4375 609 4440 fuimus
634 4394 654 4438 a
675 4374 853 4440 clarissimo
882 4374 925 4438 Ι).
948 4394 970 4439 c
995 4373 1102 4440 Glare-

122 4460 232 4543 barqo,
251 4459 456 4526 decrevimus
477 4461 552 4526 lites
572 4460 647 4525 illas
665 4480 778 4526 omues
800 4458 1001 4542 sepeliendas
1021 4480 1101 4533 esse,

123 4566 170 4610 ne
191 4566 254 4627 qua
275 4545 397 4610 mentio
419 4546 453 4611 in
475 4552 643 4629 posterum
664 4546 729 4610 liat
782 4545 870 4627 Quia
899 4554 1010 4610 tamen
1031 4564 1101 4611 sae·

127 4702 333 4711 -σ--ψ-..ιι-

126 4784 257 4848 zabul)
279 4784 398 4839 Venerat
415 4798 479 4853 erpo
496 4789 522 4838 et
537 4784 583 4838 ts'c
600 4798 662 4838 aem
680 4782 795 4838 &aaa
813 4787 839 4836 et
859 4781 1036 4852 Quaem.
1057 4782 1103 4838 De

122 4858 225 4912 Rom
242 4851 304 4908 eide
321 4868 374 4921 aeq.
391 4851 551 4908 Haemoni.
585 4852 734 4921 Orispm
750 4851 808 4906 icet
824 4850 973 4921 bsbliopolc
990 4852 1102 4920 saepias

122 4921 314 4980 anamais
336 4920 434 4976 odem
459 4927 486 4976 et
507 4925 754 4977 stcucnresamu
816 4919 821 4931 '
884 4925 1101 4989 msscpcterct.

125 4992 255 5049 Pusam
271 4991 440 5059 maumas.
482 4990 559 5045 Nora
582 4991 615 5046 de
633 4990 728 5045 Pierio
773 4989 896 5044 cetae
917 4989 1103 5058 Venetam

8 5057 14 5066 ‘
124 5059 381 5130 comesam.
414 5057 1101 5115 Wetcasoawccommmaaaee.15541'e-

124 5131 202 5188 salic
218 5128 438 5195 Frcuoofartam
461 5134 582 5197 emat,
607 5143 669 5183 aava
684 5127 826 5183 macellis
849 5127 915 5182 eliis
937 5132 963 5181 et
986 5144 1005 5182 c
1021 5133 1102 5196 purte

124 5198 276 5333 moga
283 5197 482 5335 13⁸2}de
498 5202 568 5253 erat.
602 5196 725 5267 (Rioerii
741 5198 856 5252 Memor.
875 5195 947 5264 280.)

1153 2922 1327 2986 omissione
1349 2919 1395 2984 M.
1426 2919 1635 2985 Valcrcadus:
1675 2921 1925 3003 pronunciamus
1957 2941 2022 2984 non
2056 2940 2127 2985 esse

1153 3002 1382 3088 imputandum
1404 3005 1466 3070 boc
1495 3005 1671 3071 Vclercado
1692 3006 1729 3068 iu
1750 3006 1883 3084 crimen,
1912 3004 2052 3089 quadiu
2076 3026 2127 3071 sc·

1154 3091 1260 3155 cunda
1277 3090 1433 3155 electione
1447 3091 1569 3173 priores
1587 3112 1652 3155 nou
1667 3091 1852 3158 nominarit.
1881 3091 1926 3155 Flt
1942 3111 2130 3175 quanquam

1154 3176 1188 3241 id
1211 3176 1384 3240 mallemus
1406 3176 1506 3249 abeo
1527 3177 1648 3240 factum
1670 3197 1740 3241 cese
1758 3186 1792 3239 et
1813 3177 1918 3259 magis
1939 3174 2033 3241 nobis
2054 3197 2129 3259 pro-

1157 3263 1295 3339 baretur,
1314 3261 1510 3344 quictamen
1527 3261 1658 3325 illorum
1678 3281 1814 3326 examen
1833 3261 1940 3326 adhuc
1956 3261 2128 3344 pendebat,

1156 3357 1190 3411 et
1210 3348 1336 3412 interea
1358 3347 1496 3430 contigit
1517 3348 1733 3431 cuasarum
1755 3368 1790 3414 se
1816 3354 1892 3411 ante
1921 3354 2050 3429 tempus
2072 3349 2130 3413 ab·

1155 3433 1262 3498 dicare
1280 3433 1470 3510 ministerio,
1495 3432 1677 3499 iudicamus
1705 3431 1872 3499 honestam
1901 3431 2002 3498 fuisse
2030 3453 2131 3499 excu-

1155 3519 1314 3584 sationem
1344 3518 1520 3583 Vclercndc
1540 3516 1700 3602 pergendi
1722 3517 1764 3583 ad
1786 3537 1903 3582 novam
1925 3518 2127 3584 electionem.

1240 3602 1333 3684 Quae
1366 3601 1479 3668 eadem
1512 3604 1595 3668 ratic
1628 3603 1715 3686 apud
1747 3624 1807 3669 nos
1839 3603 1931 3668 valet
1961 3611 1999 3669 ut
2031 3625 2130 3688 super

1154 3690 1252 3753 tertio
1274 3695 1307 3752 et
1328 3697 1443 3771 quarto
1465 3689 1601 3754 articulo
1623 3688 1804 3755 iudicemus
1825 3690 2040 3772 Aapustfaam
2062 3711 2128 3755 non

1155 3783 1360 3858 exspectasse
1372 3783 1591 3857 opportunum
1603 3783 1732 3859 tempus
1754 3795 1817 3858 quo
1840 3773 2010 3840 desisteret
2031 3796 2128 3840 usuc

1154 3860 1269 3938 officio,
1295 3860 1352 3926 sed
1373 3861 1478 3944 magis
1500 3861 1670 3925 festinasse
1692 3879 1789 3944 quam
1809 3860 1889 3924 utile
1911 3868 1997 3925 esset
2018 3861 2054 3924 iu
2075 3879 2129 3924 ec·

1155 3946 1271 4011 clasiae
1289 3944 1554 4011 aedificationem.
1597 3945 1713 4028 Itaque
1735 3944 1928 4010 excusabilis
1950 3946 2014 4010 erit
2037 3945 2130 4011 Vale·

1155 4033 1277 4097 raedas
1299 4030 1383 4114 quod
1412 4031 1575 4096 studuerit
1602 4030 1794 4114 abrumpere
1827 4030 1897 4095 eius
1926 4049 2127 4096 sermonem:

1155 4117 1241 4182 sicut
1263 4116 1324 4181 bac
1346 4117 1381 4179 iu
1402 4123 1495 4200 perte
1517 4137 1592 4181 eum
1615 4136 1830 4181 exoneramus
1848 4115 1950 4198 culpa.

1240 4200 1409 4278 Similiter,
1442 4201 1528 4284 quod
1558 4201 1600 4266 ud
1621 4201 1772 4286 quintum
1801 4199 1984 4279 articulum,
2013 4201 2069 4267 ubi
2097 4201 2130 4266 ei

1154 4288 1371 4371 exprobratur
1381 4287 1465 4370 quod
1482 4308 1542 4370 pro
1553 4296 1708 4372 suggestu
1725 4286 1854 4364 dixerit,
1874 4307 1909 4351 se
1925 4286 2129 4368 prohibuisse

1153 4373 1398 4457 Aupaetinama
1414 4371 1583 4456 loquendo,
1602 4373 1677 4456 quia
1694 4371 1728 4436 id
1744 4372 1779 4436 in
1797 4370 1905 4436 media
1922 4370 2128 4455 prophetica

1154 4459 1283 4537 faceret,
1307 4459 1559 4541 pronunciamus
1589 4476 1800 4540 quaecunque
1829 4455 2012 4522 audivimus
2035 4458 2128 4524 testi·
2187 4468 2189 4474 ’

1153 4544 1263 4609 monia
1288 4564 1355 4609 ncn
1384 4545 1534 4610 sufficere
1556 4543 1597 4609 ad
1627 4541 1885 4609 convincendum
1914 4541 2129 4611 Vaaraadcm

1154 4849 1198 4903 VI
1231 4778 1492 4904 &luccam
1512 4781 1562 4836 aba*
1583 4782 1649 4836 otia
1674 4783 1814 4836 Protecor
1834 4786 1967 4849 remote
1989 4781 2129 4865 Eduardo

1154 4888 1248 4985 Mat
1266 4850 1503 4973 afficiam
1524 4850 1661 4920 promes
1685 4853 1838 4920 receperat,
1863 4867 1979 4920 quma
2003 4860 2130 4909 meacm

1257 4985 1287 5053 4)
1309 4987 1377 5042 Tam
1399 4992 1542 5042 mator
1567 5003 1650 5060 mm
1680 4986 1766 5042 acea
1797 4985 1966 5042 efflabatur
1994 4993 2130 5058 quam

1154 5054 1268 5110 ecclesia
1285 5056 1414 5136 'Pollam
1448 5055 1559 5111 debebat
1591 5055 1625 5111 de
1661 5056 1722 5112 eice
1754 5056 1907 5123 receptione
1944 5056 2130 5126 Francofwti

1153 5127 1296 5259 mii
1306 5192 1355 5248 sc
1373 5193 1508 5249 amans
1524 5193 1765 5266 caecam·
1780 5193 1961 5264 capuam
1979 5209 2131 5252 asam

1157 5265 1183 5315 et
1199 5261 1453 5331 interpretatam
1472 5263 1500 5318 S.
1519 5264 1549 5320 S.
1870 5346 1920 5401 19.
