4688 5902
939 312 1019 374 155⁷
1040 302 1271 376 FEBRUAR.
1386 334 1392 344 ⁸

98 309 168 370 417
2039 319 2105 383 413

100 493 193 575 apud
221 494 372 558 Ioannem
400 493 445 560 Π.
480 514 589 578 regem
620 494 794 579 Ungariae,
828 494 906 561 dum
940 498 1079 564 eomitiis
1130 495 1304 560 nevatibus
1325 496 1360 560 in
1373 516 1531 580 magnum
1553 504 1585 561 et
1607 518 1747 582 gravemv
1760 499 1901 584 aliquem
1924 501 2105 569 tumultum

102 578 175 644 illis
196 580 288 663 regni
301 579 503 645 oelebrandis
514 579 736 663 impediretur,
749 581 900 664 misitque
922 583 952 647 ei
975 583 1079 648 veril-
1129 581 1321 662 erupuisset
1356 580 1424 647 Sed
1444 581 1663 649 laboravimus
1678 584 1817 651 fideliter
1838 586 1968 669 publiea
1990 590 2102 671 etpri-

102 663 178 728 lum
189 664 349 748 quoddam
361 664 545 744 'Puroioum
569 687 628 730 suo
645 667 748 750 ipsius
766 668 959 752 intersignio
977 669 1079 754 insig-
1131 666 1230 729 vatim
1254 675 1291 730 ut
1322 687 1380 749 per
1410 665 1544 731 Domini
1573 670 1713 752 gratiam
1738 671 1875 754 pulohre
1907 672 2010 738 sedati
2033 674 2103 739 sint

104 751 226 828 nitum,
250 750 366 816 iubens
389 763 425 815 ιιι
446 752 555 835 eopias
577 769 653 817 suas
676 772 798 831 omnes,
820 775 901 836 quas
919 775 1019 837 quum
1037 776 1079 820 ex
1129 750 1333 832 quorundam
1356 752 1466 830 animi,
1496 753 1551 834 qui
1584 752 1759 820 admodum
1781 767 1876 823 erant
1893 757 1933 823 ad
1956 759 2104 843 ipsorum

104 836 242 902 Polonis
276 846 346 900 tum
369 859 408 901 ex
442 836 587 920 Ungaris
619 837 771 922 colligere
803 840 913 921 possit,
947 841 1006 905 sub
1042 861 1079 906 eo
1130 834 1339 901 Genevatum
1368 840 1613 921 responsionem
1631 842 1655 916 ¹)
1678 841 1837 909 oonoitati.
1882 841 1987 926 Spero
2009 843 2102 909 dein-

104 921 230 989 vexillo
252 921 418 987 Viennam
437 943 562 999 versus,
585 924 732 1006 proximo
749 945 827 989 vere
850 923 1001 990 eduoeret
1022 926 1080 990 ad·
1129 942 1205 1004 oeps
1229 922 1391 988 sedatiora
1412 933 1444 988 et
1466 925 1631 1006 pacatiora
1653 927 1797 993 oonsilio.
1844 928 1881 993 Si
1904 929 1977 1012 quis
1998 930 2101 996 insta·

105 1030 224 1075 versus
244 1006 489 1074 Fordiaondum.
535 1006 623 1089 Quid
646 1031 723 1073 vero
746 1009 882 1076 Ioannes
904 1010 1079 1094 responde·
1129 1015 1180 1071 ret
1203 1007 1317 1085 denuo,
1342 1029 1507 1092 sperarem
1526 1018 1653 1076 nostros
1665 1032 1784 1094 aequas
1806 1013 2011 1080 conditiones
2033 1036 2099 1080 non

105 1096 155 1161 rit
176 1102 232 1158 aut
253 1094 397 1160 facturus
420 1095 463 1158 sit
481 1093 587 1159 adhuo
608 1095 806 1179 ignoramus.
841 1094 908 1162 Sed
927 1117 1079 1162 veremur
1129 1093 1366 1174 repudiaturos,
1400 1094 1495 1160 modo
1529 1095 1716 1162 Genevates
1748 1120 1876 1182 quoque
1905 1122 1969 1165 non
1992 1110 2102 1165 essent

105 1204 153 1248 ne
174 1182 301 1245 'luroae
330 1179 487 1244 addiotior
519 1179 582 1244 siet
610 1202 706 1263 quam
729 1182 862 1263 parsit,
892 1183 987 1247 siouti
1009 1183 1079 1267 ipse
1130 1180 1321 1261 pertinaces.
1347 1216 1638 1231 -----
1673 1220 1710 1229 -
1734 1186 1784 1248 24.
1808 1184 1980 1251 Februarii
2008 1190 2099 1250 155⁷.

107 1287 217 1350 nuper
249 1288 313 1331 non
343 1266 485 1331 obseure
506 1265 691 1344 declaravit,
727 1266 767 1330 ad
799 1267 923 1335 iussum
953 1270 1079 1334 'Pareae
1702 1318 1720 1382 I
1863 1284 1866 1291 '

106 1351 269 1418 mittendo
300 1353 330 1418 ei
355 1353 517 1437 quendam
546 1353 706 1436 insignem
740 1354 945 1435 oapitaneum
968 1363 1078 1437 (quem
1721 1340 1790 1386 ⁰²¹¹·
1814 1321 1902 1386 Han·
1925 1329 2011 1388 tum·

107 1439 291 1514 detinebat)
310 1441 364 1521 qui
388 1461 407 1503 a
436 1438 633 1503 Fordiaoadi
662 1438 809 1521 partibus
831 1439 971 1505 fideliter
993 1462 1077 1505 sem·

107 1546 171 1608 per
201 1532 344 1589 steterat.
396 1524 487 1590 Deus
518 1524 650 1589 interim
684 1526 876 1590 misereatur
908 1527 1010 1594 nostri
1041 1546 1078 1591 ao

106 1610 269 1684 Viennae,
287 1632 371 1693 quae
393 1610 551 1676 haetenus
571 1611 704 1675 firmum
727 1609 1078 1677 adversusTuroarum

107 1696 251 1761 furorem
275 1709 308 1760 et
328 1698 509 1780 potentiam
542 1695 740 1761 Christianis
768 1696 830 1760 fuit
854 1717 1079 1781 propugnaru-

107 1782 190 1847 lum.
234 1781 327 1861 Vale,
345 1783 390 1846 mi
413 1783 454 1846 D.
482 1781 617 1861 Calvino,
640 1780 722 1846 mihi
744 1794 899 1865 perpetuo
921 1782 1078 1849 colendis·

106 1870 192 1934 sime
212 1871 248 1934 in
267 1869 399 1935 Christo
428 1869 576 1948 Domino,
606 1869 658 1935 oui
688 1889 747 1953 ogo
777 1879 809 1932 te
838 1878 996 1952 tuumque
1017 1869 1080 1932 mi·

107 1956 284 2021 nisterium
309 1955 498 2022 sommendo
528 1977 570 2019 ex
599 1956 717 2022 animo.
770 1953 901 2020 Salutat
929 1963 960 2018 te
989 1974 1080 2037 pera·

107 2054 240 2106 manter
261 2042 303 2106 D.
327 2064 347 2107 o
373 2042 483 2120 Lateo,
511 2041 563 2106 oui
586 2062 645 2123 per
662 2039 764 2105 otium
787 2062 854 2105 non
876 2040 968 2105 liouit
991 2060 1079 2105 nuno

106 2127 260 2192 seribere.
307 2127 424 2194 Saluta
457 2126 538 2190 mihi
571 2127 612 2191 D.
643 2149 663 2191 o
694 2125 805 2192 Sancto
826 2127 966 2204 Andros,
991 2125 1079 2207 Roy-

106 2214 271 2290 maadm
295 2214 334 2278 D.
353 2214 400 2278 Io.
419 2213 596 2290 Budoeam,
616 2215 806 2297 aoreliquos
827 2214 944 2278 fratres
966 2212 1001 2275 in
1012 2211 1079 2275 Do·

1567 1911 1663 1982 2001.

1333 2064 1666 2131 BULLINGERUS
1685 2061 1898 2130 OALVINO.

107 2299 209 2363 mino.
255 2288 441 2378 Craoo'viee,
470 2303 515 2364 19.
539 2299 634 2364 Febr.
658 2301 759 2365 M.D.
772 2299 883 2365 LVII.

380 2442 471 2504 Tuus
490 2447 527 2503 ut
548 2460 628 2504 suus
651 2438 817 2519 multoque
838 2435 1081 2501 addistissimus

535 2525 676 2590 Ioannes
698 2523 951 2590 Utenbovius.⁸t

196 2734 249 2798 Ita
272 2756 357 2799 nuno
376 2734 495 2799 obruor
521 2731 608 2797 euris
630 2752 667 2797 ao
695 2729 844 2814 negotiis,
876 2727 922 2792 mi
946 2724 1080 2804 Gnatae,

107 2829 149 2884 ut
180 2817 264 2884 nihil
292 2820 412 2902 possim
437 2818 586 2885 seribere.
632 2817 721 2883 Hine
749 2815 868 2891 hostes,
898 2812 974 2878 hino
1007 2810 1081 2876 falsi

106 2907 228 2971 fratres
251 2927 309 2969 nos
338 2904 539 2979 adoriuntur,
566 2913 603 2968 ut
631 2924 698 2967 non
720 2903 763 2967 sit
785 2900 876 2983 quies
897 2898 972 2963 ulla.
1013 2895 1081 2962 Sed

1218 2234 1327 2317 Refert
1348 2236 1424 2317 qaid
1444 2236 1510 2300 inm
1531 2236 1614 2301 eirea
1636 2237 1788 2319 nepotiam
1809 2255 1878 2300 eam
1890 2234 2104 2303 Remensibus

1132 2343 1153 2386 o
1173 2341 1230 2386 sao
1252 2325 1361 2386 senna
1382 2326 1485 2386 aotam
1506 2322 1557 2395 sit,
1580 2321 1657 2403 qaod
1679 2321 1831 2403 spondam
1843 2323 1986 2402 supersit.
2022 2322 2106 2388 Gra·

1133 2408 1196 2472 lios
1217 2407 1283 2489 opit
1303 2406 1339 2472 ob
1361 2407 1493 2471 missam
1513 2406 1574 2471 ati
1600 2405 1719 2471 Ooeom.
1756 2407 1868 2471 Tradit
1880 2407 1976 2471 Laevi
1996 2408 2108 2489 episto-

1133 2492 1198 2557 lam
1226 2497 1254 2556 et
1283 2491 1420 2557 delerat
1448 2513 1539 2556 mom
1567 2492 1743 2576 opinionem
1764 2493 1801 2557 de
1822 2486 2055 2558 Menoetae
2077 2499 2106 2559 et

1126 2597 1207 2660 poce
1228 2597 1298 2642 oum
1320 2577 1510 2642 habronis
1530 2577 1696 2658 woodo.

1133 2747 1189 2810 (Ex
1217 2755 1280 2802 auto
1330 2748 1384 2817 pho
1403 2748 1487 2802 Arob.
1511 2747 1598 2800 Turio.
1621 2743 1913 2806 Plut.VLVol.129.
1937 2748 2001 2801 olim
2019 2748 2105 2802 Sorin.

1134 2819 1166 2872 B.
1192 2817 1260 2887 Epp.
1281 2766 1359 2870 βΓῗιὶιιι.
1387 2815 1434 2882 30,
1459 2817 1504 2870 iol.
1527 2814 1589 2869 346.
1611 2845 1644 2853 -
1667 2815 1774 2868 Simler.
1795 2815 1857 2868 Vol.
1880 2815 1922 2869 89.
1961 2815 2106 2885 lusoriptio

1521 2884 1712 2949 desideratur.)

110 3002 145 3055 et
168 2992 237 3074 pios
264 2990 382 3055 multos
411 2991 579 3068 habemus,
609 2989 653 3054 sit
676 2988 748 3052 Deo
774 2986 888 3070 gratia,
910 2984 966 3067 qui
990 2983 1082 3047 nobis

106 3087 189 3144 sunt
210 3086 244 3141 et
266 3077 453 3140 adiumento
473 3087 507 3140 et
527 3074 747 3140 oonsolationi.
800 3070 985 3138 Uestorius
1007 3089 1082 3132 nos·
1218 3056 1253 3155 S
1284 3054 1326 3120 D·
1370 3056 1451 3153 Post
1478 3053 1656 3120 discessum
1687 3053 1829 3154 Masurii
1846 3053 1870 3137 ¹)
1899 3056 1990 3154 missi
2027 3062 2105 3153 sunt

108 3174 161 3228 ter
178 3163 271 3228 novit
289 3164 406 3243 omnia.
441 3163 557 3244 Itaque
568 3181 650 3243 quae
662 3158 690 3224 is
709 3159 848 3241 sempsit,
866 3176 949 3220 ame
960 3155 1083 3236 scripta
1134 3141 1323 3207 tabelliones
1344 3138 1510 3205 Basllessm
1532 3151 1565 3204 et
1582 3137 1839 3205 Sohaffhuslum.
1884 3139 1929 3204 Ηι
1952 3152 2026 3222 post
2048 3140 2106 3204 ah-

106 3271 182 3314 esse
199 3247 365 3333 cogitabis.
420 3248 512 3311 Vale.
558 3246 694 3311 Salvere
723 3242 958 3308 officiosissime
986 3238 1082 3305 iubeo
1134 3235 1213 3326 qamt
1234 3226 1304 3326 dies
1333 3225 1571 3324 responderunt
1599 3224 1660 3289 sibi
1689 3226 1909 3324 peroptimum
1931 3225 2045 3300 videri,
2075 3227 2104 3290 Si

105 3334 229 3400 fratres
252 3337 286 3398 jn
310 3335 451 3399 Domino
472 3353 594 3398 omnes,
1133 3314 1284 3396 Tigunm
1306 3313 1450 3377 Bernam
1480 3331 1611 3375 nomme
1634 3314 1653 3373 3
1681 3310 1811 3375 urbium
1841 3311 2002 3385 sorrbant,
2030 3310 2105 3374 bor·

1133 3408 1308 3480 tenturque
1337 3398 1498 3461 Bernates
1526 3396 1566 3461 ad
1598 3395 1813 3478 reparandam
1843 3396 2018 3472 oivitatem‚
2048 3395 2104 3460 vel

1133 3482 1349 3565 reparandum
1383 3481 1513 3557 foedus,
1548 3482 1748 3562 offerantque
1782 3501 1875 3545 suam
1909 3480 1971 3546 bao
2001 3483 2036 3544 in
2065 3503 2102 3545 re

1132 3591 1273 3651 operam,
1307 3570 1372 3632 imo
1404 3575 1521 3650 rogent
1549 3575 1587 3630 ut
1614 3565 1838 3631 admittantur.
1889 3565 2102 3649 Soripserunt

1131 3656 1234 3719 nostri
1275 3653 1538 3737 diligentissime,
1576 3661 1609 3714 et
1648 3651 1854 3716 tabellionem
1886 3653 1957 3717 eius
1989 3652 2103 3736 seripti

1132 3740 1238 3823 gratia
1250 3739 1392 3803 Bernam
1404 3739 1577 3813 miserunt,
1594 3757 1658 3818 quo
1669 3739 1790 3802 certius
1802 3737 1956 3802 eliserent
1966 3757 2101 3819 respon·

1131 3845 1221 3891 sum:
1259 3822 1317 3890 sed
1349 3823 1503 3888 dimissus
1532 3836 1582 3887 est
1611 3821 1739 3887 tabellio
1774 3824 1845 3886 sine
1880 3844 1932 3888 res
1955 3824 2101 3899 ousione,

1131 3909 1216 3993 quod
1238 3912 1365 3975 senatui
1385 3918 1455 3973 tum
1467 3908 1729 3990 plurimaessent
1745 3910 1884 3991 negotia
1926 3845 2103 3974 Saoterum

1132 4005 1204 4079 post
1237 3996 1360 4077 aliquot
1387 3994 1456 4058 dies
1486 3995 1627 4058 mittitur
1658 3992 1790 4057 tabellio
1820 4015 1839 4057 a
1868 3991 2100 4068 Bonnensibus,

1131 4083 1188 4164 qui
1210 4080 1322 4145 literas
1344 4101 1364 4144 a
1385 4080 1508 4144 maiore
1530 4079 1627 4142 etiam
1650 4088 1764 4142 senatu
1782 4098 1878 4160 quem
1892 4081 1954 4142 200
1973 4086 2099 4155 vocant,

1131 4168 1249 4236 missas
1270 4166 1388 4230 attulit.
1431 4165 1472 4228 In
1502 4164 1552 4229 his
1582 4163 1693 4228 multis
1715 4173 1893 4245 exponunt,
1923 4161 2001 4245 quid
2022 4162 2100 4226 hao·

1131 4264 1228 4318 tenus
1251 4260 1359 4316 aetum
1381 4250 1424 4315 sit
1452 4252 1486 4314 in
1516 4249 1577 4314 hao
1605 4269 1711 4326 eausa,
1740 4259 1774 4312 et
1800 4247 1885 4331 quod
1915 4247 2101 4313 Genesates

1131 4361 1197 4402 non
1219 4336 1318 4402 semel
1342 4336 1525 4419 respuerint
1547 4348 1603 4399 aut
1625 4334 1767 4416 recipere
1796 4333 1960 4398 noluerint
1982 4354 2100 4416 aequa·

1131 4423 1212 4489 biles
1234 4423 1373 4488 foederis
1394 4420 1604 4488 eonditiones.
1643 4418 1739 4484 Unde
1760 4418 1927 4502 eolligunt,
1948 4439 1990 4483 ne
2011 4439 2101 4484 nuno

1131 4509 1261 4590 quidem
1297 4510 1376 4572 istos
1408 4507 1521 4590 magni
1555 4505 1662 4571 faeere
1693 4504 1875 4568 Bernatum
1911 4504 2102 4570 amicitiam.

1131 4593 1176 4659 Se
1198 4596 1306 4675 itaque
1329 4593 1463 4658 urbibus
1485 4612 1582 4675 agere
1599 4590 1722 4674 gratias
1739 4590 1909 4668 maximas,
1933 4591 2102 4672 negotium

1130 4701 1210 4744 vero
1223 4680 1293 4744 Deo
1315 4677 1549 4743 commendare.
1584 4677 1680 4741 Hano
1703 4676 1943 4757 responsionem
1957 4676 2100 4757 desorip·

102 4794 152 4805 ⁴-
177 4795 215 4804 ·-
248 4793 287 4802 -·
381 4792 423 4800 ··
451 4790 491 4798 -
521 4788 559 4797 -·
584 4787 625 4796 ·“
648 4785 691 4796 ···
711 4786 754 4795 “·
777 4785 818 4795 ··
843 4785 878 4795 ··
904 4784 946 4794 ·“
970 4782 1009 4845 ζ·
1039 4785 1078 4795 “
1130 4776 1199 4830 tam
1238 4764 1340 4829 nostri
1381 4763 1543 4828 Basileam
1583 4773 1617 4826 et
1648 4759 1897 4826 Sohaffhusium
1937 4761 2100 4825 miserunt

40 4853 45 4858 ’
100 4841 468 4921 Intereassihssflssfiilflb
481 4834 991 4936 Pssfilffllufflssqqflfflssissunsshs
1006 4855 1079 4915 pal·
1128 4850 1331 4932 postulantes
1352 4849 1484 4913 interim
1508 4859 1542 4912 ut
1560 4869 1658 4929 quum
1677 4844 1969 4910 eomitiaBadenae
1987 4846 2100 4911 futura

101 4932 169 4996 tim
188 4930 266 5010 qnia
282 4927 364 4992 nibil
375 4925 474 4991 habui
493 4935 524 4988 te
535 4922 682 5006 dignum,
700 4943 762 4984 n1s1
780 4919 840 4984 hoo
858 4940 975 4983 unum:
994 4918 1081 5001 quod

100 5035 226 5102 parum
249 5012 423 5096 aliquando
445 5010 600 5075 abfuisset
622 5006 701 5089 quin
723 5003 892 5070 dissidium
915 5025 987 5068 oum
1011 5003 1077 5068 Ge-

403 3471 545 3535 Ioannes
568 3491 587 3533 a
609 3470 714 3534 Lasso
733 3487 833 3530 manu
856 3465 995 3547 propria.

503 3758 707 3771 —-——

527 4013 628 4081 2000.

305 4167 556 4235 Hennaeus
575 4165 890 4234 BULLINGERO.

195 4344 248 4410 De
269 4341 387 4425 nepotio
408 4342 542 4420 foederis
562 4359 632 4403 oum
647 4337 875 4404 Geaeoeasibas
902 4337 1080 4402 renovandi.

105 4520 294 4586 (Exoerptum
312 4531 345 4565 ex
363 4512 426 4565 Cod.
446 4510 504 4574 154,
522 4511 593 4563 Plut.
615 4510 660 4563 VI.
681 4508 790 4561 Archiv.
809 4508 894 4560 Turio.
912 4509 977 4560 olim
995 4508 1080 4563 Sorin.

233 4585 263 4639 B.
284 4583 353 4651 Epp.
373 4581 430 4634 Vol.
447 4578 488 4643 32,
507 4580 553 4635 fol.
570 4576 630 4631 235.
651 4608 683 4616 -
702 4578 807 4631 Simler.
825 4575 884 4630 Vol.
902 4576 958 4640 89.)

213 5218 243 5285 a)
264 5218 374 5272 notua
390 5213 725 5283 mesopotania.
743 5212 760 5264 ι.
776 5211 794 5266 ι.
813 5209 924 5277 asaza
941 5206 1078 5279 psoasq.
1129 5140 1264 5274 iiiiii
1282 5137 1471 5262 diffisa
1491 5207 1528 5261 N.
1544 5203 1621 5258 asar.

215 5301 326 5358 ouans
339 5317 431 5370 aas.
473 5300 528 5355 va
546 5298 629 5354 xvr.
1862 5288 1894 5341 ar
