4778 5888
176 317 241 383 355
1012 307 1242 378 ΕΡῙΒΤΟΙιΑ
1263 311 1347 374 2572
2112 307 2178 368 356

175 507 284 584 551515,
317 505 462 572 nascitur
494 504 640 582 clericus,
671 501 792 567 nedum
810 499 930 566 doctor.
975 501 1037 564 Ilst
1065 499 1153 563 5515
1204 498 1383 563 orationem
1406 507 1547 563 5555555
1569 497 1799 575 calamistrato.
1834 494 1974 578 Semper
1994 504 2104 558 autem
2130 493 2179 559 la-

178 593 324 676 qualitas
345 591 591 674 superveniens,
619 609 675 654 sen
698 587 848 661 ascititia,
871 588 941 651 5155
963 583 1152 650 5555551515.
1203 583 1384 648 horandum
1405 592 1464 660 eet,
1494 593 1532 646 nt
1549 585 1577 648 ei
1599 603 1665 647 555
1688 602 1776 659 vera,
1799 582 1915 646 saltem
1938 581 2123 663 probabilia
2146 589 2180 644 et

178 679 251 744 Nec
278 685 327 741 est
355 676 471 741 similis
494 678 523 738 ei
546 695 643 757 quam
666 674 809 739 5555555
830 670 965 746 Ρ55155,
988 672 1044 752 551
1066 669 1153 735 5155-
1203 668 1396 735 55515151115
1426 669 1461 732 15
1492 668 1716 733 adversarium
1745 666 1903 746 dicamus,
1934 668 1999 731 nisi
2035 666 2180 730 velimus

179 765 238 828 bat
258 783 294 828 se
315 763 419 826 civem
441 761 626 825 Romanum
656 779 727 824 cese
755 766 880 823 55555.
918 755 985 836 Qui
1007 776 1153 820 555555
1204 756 1358 819 effrontes
1380 755 1570 820 existimari.
1615 753 1899 834 Quemadmodum
1934 773 2035 834 55115
2071 752 2181 815 5151515

181 849 265 913 bene
291 856 434 920 nossent,
465 848 770 928 suspicarenturex
792 842 858 906 illis
880 844 987 907 555515
1009 863 1153 906 555555
1204 841 1324 923 555515
1357 841 1442 923 5555
1466 861 1520 905 555
1542 859 1679 923 regnare
1708 840 1920 904 scortationes
1940 846 1973 901 55
1995 836 2180 903 adulteria:

182 953 255 998 esse
282 944 394 997 natum
428 953 469 995 ex
497 931 643 1014 legitimo
672 930 829 1012 coningio,
863 926 919 992 555
949 949 1020 992 5555
1047 927 1152 991 filium
1203 928 1278 1008 quia
1304 935 1430 991 certum
1460 934 1510 990 cst
1538 933 1570 989 55
1597 925 1696 1008 vulgo
1725 932 1848 1000 notum,
1873 944 1939 988 non
1961 924 2007 986 ita
2029 924 2179 1005 permitti

181 1017 320 1083 alicuius
342 1017 493 1082 Doctoris
515 1026 548 1080 55
580 1015 771 1099 presbyteri,
793 1034 895 1094 5555
916 1022 1072 1095 tanquam
1095 1033 1154 1094 555
1203 1012 1270 1076 11115
1292 1020 1329 1076 55
1351 1011 1436 1093 5555
1458 1033 1527 1087 555,
1551 1011 1704 1076 abitalia
1725 1012 1863 1074 erimina
1886 1010 1971 1074 levia
1992 1018 2025 1073 55
2048 1030 2109 1091 pro
2134 1010 2178 1072 ri·

179 1124 298 1168 manus
320 1103 533 1167 Doctoratum
566 1101 781 1182 accepissetis.
821 1098 857 1162 81
881 1100 928 1162 ita
949 1110 1043 1175 55555,
1067 1097 1152 1179 51155
1204 1098 1310 1162 515515
1333 1098 1502 1163 habentur.
1538 1097 1575 1162 81
1593 1098 1640 1160 ita
1661 1098 1855 1178 punirentur
1874 1116 1894 1158 a
1913 1094 2078 1159 iudicibus
2102 1117 2178 1159 nos·

182 1189 275 1266 absit,
305 1186 382 1269 5515
407 1190 499 1252 lieret
525 1185 565 1251 55
592 1196 700 1251 555555
723 1183 931 1267 episcopatu?
973 1185 1042 1248 Vos
1063 1185 1153 1248 scitis
1203 1185 1272 1260 trie,
1301 1184 1440 1265 episcopi
1463 1183 1568 1258 multi,
1597 1183 1739 1257 abbatae,
1762 1180 1944 1246 sacerdotes
1965 1188 1999 1244 et
2021 1180 2178 1245 monachi

182 1274 268 1357 quod
279 1283 388 1357 posset
404 1273 513 1338 statim
526 1274 703 1355 impetrare
724 1290 785 1352 par
805 1270 1065 1351 incapacitatem,
1088 1270 1152 1333 nisi
1203 1291 1266 1332 555
1290 1271 1335 1332 155
1357 1270 1480 1333 alienas
1492 1288 1611 1333 uxores
1629 1276 1663 1331 55
1679 1268 1982 1348 filiascorrnmpcre
2004 1266 2175 1330 auderent.

182 1360 297 1424 essetis
325 1359 534 1441 legitimatus.
579 1357 650 1422 Nisi
678 1356 816 1421 forsitan
849 1356 963 1420 essetis
995 1355 1035 1418 55
1064 1354 1153 1418 55155
1202 1353 1472 1430 Η55515555515,
1495 1376 1561 1418 555
1578 1354 1611 1416 15
1624 1351 1917 1435 1555551555555,
1940 1352 1998 1416 555
2016 1351 2059 1415 55
2081 1353 2178 1435 igno-

180 1446 265 1510 Levi
287 1446 322 1508 in
344 1464 408 1526 555
427 1444 486 1508 filii
507 1454 658 1525 poterant
683 1441 855 1506 succedere
878 1441 1024 1524 patribus
1046 1441 1078 1504 15
1101 1462 1152 1503 ea·
1204 1441 1337 1504 515155
1358 1449 1512 1505 nostram.
1544 1440 1719 1503 Praeterea
1733 1437 1872 1502 multum
1892 1437 2052 1511 fallimini,
2071 1458 2177 1519 quum

180 1531 323 1596 cerdatio
341 1538 375 1593 55
395 1530 575 1593 5151555515
596 1527 720 1610 templi·
752 1525 818 1591 Sed
836 1536 950 1590 vetera
971 1526 1029 1590 illa
1045 1536 1153 1590 trans·
1204 1524 1310 1591 dicitis
1343 1525 1520 1591 Calvinum
1551 1524 1727 1588 vernaculo
1757 1545 1852 1588 5555
1885 1524 2026 1605 5155515,
2067 1525 2177 1605 555155

181 1618 300 1680 icrunt
341 1614 452 1694 Quare
482 1616 612 1679 videtur
639 1613 748 1690 55515,
772 1611 855 1693 5555
880 1612 1003 1675 5555515
1024 1613 1152 1676 5555155
1204 1632 1300 1693 5555
1335 1612 1455 1676 Latina
1487 1611 1615 1693 phrasi:
1657 1612 1734 1692 qnia
1765 1610 1855 1691 prins
1888 1610 2019 1690 scripsit
2051 1609 2177 1673 Latine

181 1702 235 1764 551
265 1701 441 1765 correctius
470 1700 569 1782 55551,
595 1709 629 1762 55
650 1698 767 1762 551155
789 1698 971 1762 discerncre
994 1695 1151 1774 ordinem,
1203 1718 1300 1779 qnam
1323 1696 1458 1762 Gallice.
1504 1697 1548 1761 Et
1576 1696 1658 1761 bene
1688 1696 1807 1760 scimus
1834 1694 1918 1776 5555
1945 1694 2050 1758 55155
2080 1695 2178 1777 plura

180 1806 278 1868 quem
300 1784 490 1850 afacultate
512 1795 625 1849 nostra
647 1784 782 1858 habetis,
802 1785 843 1847 ab
865 1783 990 1866 origine
1009 1797 1126 1847 vestra.
1204 1782 1244 1847 ab
1267 1803 1304 1847 eo
1322 1785 1443 1864 scripta
1460 1793 1538 1847 eunt
1548 1782 1670 1846 Latino
1692 1802 1849 1857 sermone,
1869 1801 1965 1863 quam
1984 1781 2175 1846 vernaculo.

266 1870 363 1936 Nunc
390 1871 509 1935 115555
532 1871 638 1952 15555
668 1868 900 1952 ingrediamur,
922 1870 956 1931 in
980 1889 1042 1951 555
1064 1882 1152 1933 certe
1204 1867 1410 1950 Quapropter
1432 1870 1500 1950 ipse
1526 1888 1582 1931 555
1605 1865 1731 1942 ridebit,
1755 1888 1815 1931 nec
1841 1887 1905 1930 non
1928 1866 2070 1931 asseclae
2094 1867 2176 1941 eins,

181 1966 316 2038 apparet
338 1977 455 2020 aureus
476 1964 510 2018 55
530 1955 707 2020 mellifluus
729 1954 837 2035 liquor
857 1955 959 2036 555551
982 1956 1151 2027 sermonis,
1203 1953 1331 2035 quando
1365 1955 1475 2036 legent
1509 1952 1626 2016 librum
1655 1963 1808 2016 vestrum.
1853 1952 1952 2027 Item,
1981 1951 2176 2034 55555515

180 2057 215 2104 55
243 2042 361 2106 subtile
388 2041 512 2125 ingenii
541 2061 687 2104 acumen.
739 2038 805 2105 Sed
833 2052 943 2104 tamen
979 2038 1152 2120 aliquando
1204 2040 1405 2120 expositione
1423 2039 1598 2103 verborum
1610 2037 1793 2102 Malachiae
1812 2037 1918 2103 dicitis
1935 2059 2010 2101 enm
2031 2038 2177 2101 transire

181 2126 287 2207 (salvo
310 2127 432 2192 honore
466 2138 573 2191 vestro
603 2124 725 2189 dictum
747 2127 803 2203 sit)
825 2125 983 2188 videmini
1006 2124 1151 2190 oblivisci
1203 2125 1408 2189 athesanris
1429 2125 1470 2187 ad
1492 2125 1730 2198 carbonariam,
1761 2133 1794 2186 et
1816 2124 1929 2188 relicto
1955 2124 2011 2187 illo
2038 2123 2113 2187 1555
2136 2121 2175 2186 ad

180 2213 289 2277 555551.
324 2212 409 2276 Ν55
432 2210 615 2275 5151515555
639 2232 704 2274 555
725 2211 827 2292 515515
849 2213 955 2275 155555
977 2208 1062 2291 5555
1077 2210 1152 2274 Cal·
1202 2232 1297 2291 quem
1320 2209 1518 2291 respondero
1540 2208 1683 2282 5555555,
1707 2208 1906 2272 5555515555
1927 2210 2176 2290 interpretatio-

179 2298 277 2362 51555
297 2306 395 2362 vocat
414 2318 472 2362 555
501 2299 696 2374 morionem,
726 2317 822 2378 quam
846 2297 873 2360 si
895 2294 1052 2359 audiretis
1073 2295 1152 2359 ridi·
1203 2317 1278 2360 nem
1293 2296 1646 2367 verborumlercmiae,
1669 2315 1732 2359 nou
1756 2296 1834 2358 eatis
1857 2294 2029 2359 advertitis
2052 2296 2176 2372 animo,

179 2383 289 2447 culum
306 2383 454 2448 55151555
471 2384 558 2447 vocis
570 2383 760 2464 strepitum:
783 2390 886 2445 55555
898 2402 963 2445 555
975 2381 1047 2446 1555
1058 2401 1152 2462 55555
1202 2379 1287 2463 quod
1320 2402 1384 2446 555
1418 2381 1586 2464 habebatis
1615 2380 1782 2461 integrum
1810 2378 1941 2444 0515151
1974 2380 2110 2454 librum,
2144 2390 2178 2444 et

180 2468 272 2532 vobis
305 2468 416 2532 multis
451 2467 637 2532 nominibus
670 2489 735 2531 non
771 2467 905 2550 placere.
961 2467 1007 2530 Et
1039 2475 1150 2530 tamen
1203 2466 1287 2548 quod
1315 2468 1498 2550 fragmenta
1525 2465 1629 2529 55155
1658 2487 1700 2529 ex
1728 2466 1810 2530 libro
1833 2465 1985 2530 Oochlaei
2015 2465 2177 2544 delibatis,

178 2560 292 2636 postea
311 2554 442 2617 intratis
464 2554 496 2616 in
520 2572 672 2635 magnam
694 2552 868 2628 choleram,
887 2561 920 2615 et
941 2552 1080 2615 multam
1103 2552 1150 2614 bi·
1203 2552 1288 2617 sicut
1317 2553 1416 2616 ctiam
1444 2573 1503 2615 vos
1532 2552 1592 2633 ipsi
1621 2552 1778 2616 fatemini.
1822 2550 1962 2631 Qriando
1992 2551 2077 2615 11555
2106 2554 2177 2634 ipsc

177 2639 243 2702 lem
265 2638 422 2713 evomitis,
446 2637 673 2702 debacchando
695 2635 852 2702 adversus
865 2640 982 2719 ipsum,
1005 2647 1038 2700 55
1055 2637 1149 2701 diffa-
1201 2638 1329 2719 integer
1350 2639 1500 2719 pervenit
1521 2635 1563 2700 ad
1585 2659 1702 2701 manus
1723 2645 1866 2711 5555555,
1897 2646 1934 2700 55
1962 2645 2078 2719 postea
2109 2638 2177 2702 fato

179 2722 299 2787 mando
342 2724 524 2806 omnigenis
563 2723 752 2806 opprobriis.
814 2721 911 2804 Quod
947 2723 1149 2787 5555555555
1202 2723 1342 2804 555555
1364 2723 1486 2789 factum
1509 2744 1580 2788 csse
1603 2722 1774 2789 5551555515
1789 2723 1890 2786 'fumo
1912 2724 2021 2799 tertio,
2043 2732 2177 2807 oporte·

180 2829 238 2873 voe
260 2828 325 2872 555
346 2809 392 2872 ita
403 2819 610 2874 contemnere
620 2808 721 2873 talem
743 2809 911 2872 iniuriam:
931 2807 987 2873 555
1004 2830 1059 2874 555
1077 2828 1149 2872 555·
1201 2810 1257 2874 555
1285 2830 1342 2874 555
1370 2828 1537 2874 recurrere
1564 2807 1605 2872 ad
1639 2808 1732 2872 illum
1764 2808 1867 2872 locum
1898 2822 1931 2873 et
1963 2809 2101 2884 similes,
2136 2831 2178 2874 55

178 2906 268 2957 trum
290 2894 478 2975 particulari
501 2895 618 2959 affectu
646 2902 875 2976 5555555555
898 2906 932 2959 55
952 2905 1149 2958 commotum
1201 2915 1297 2977 5555
1327 2895 1528 2960 occasionem
1558 2893 1677 2959 daretis
1709 2895 1781 2959 15515
1810 2895 1983 2959 5555551515
2012 2893 2176 2960 illudendi

179 2980 288 3043 fuisse.
333 2978 445 3044 855155
467 2989 538 3043 erat
559 2978 765 3043 dissimulare
799 2979 896 3044 talem
930 2980 1097 3044 affectum:
1116 2988 1151 3042 et
1202 2980 1296 3045 nobis
1325 2989 1357 3044 et
1386 2979 1476 3045 libris
1506 2981 1635 3046 nostris.
1677 2978 1765 3059 Quia
1792 2989 1879 3044 certe
1907 2980 2050 3061 explicat
2080 2981 2177 3046 illum

179 3064 376 3130 succinctius
396 3064 454 3128 illa
480 3065 629 3141 transire,
652 3086 712 3130 nec
733 3065 830 3129 toties
849 3074 995 3147 repetere
1017 3067 1150 3128 nomina
1201 3067 1308 3131 locum
1330 3065 1521 3144 Malachiae,
1551 3073 1585 3130 et
1605 3064 1780 3147 respondet
1801 3065 1842 3130 ad
1867 3067 2000 3131 obiecta.
2046 3067 2177 3132 Verum

178 3151 310 3226 moriae,
333 3149 526 3226 morionum,
549 3158 583 3214 et
593 3151 854 3227 morionioorum,
875 3152 951 3232 5515
963 3150 1071 3216 515555
1093 3171 1150 3214 voe
1202 3150 1358 3233 estquod
1387 3152 1463 3217 facit
1488 3150 1570 3215 illud
1592 3152 1770 3217 seeundum
1793 3173 1888 3216 5555
1917 3173 2061 3217 sensnm.
2109 3151 2177 3218 Sed

179 3234 394 3300 55115155555
411 3237 603 3317 morisquas,
625 3244 682 3300 ant
698 3245 831 3316 portare
849 3245 999 3312 5555555,
1022 3237 1062 3300 55
1083 3257 1150 3299 55-
1202 3246 1311 3301 tamen
1334 3258 1401 3300 non
1423 3238 1470 3301 ita
1491 3237 1597 3302 555155
1627 3236 1770 3301 transilit
1791 3248 1828 3301 ut
1850 3258 1908 3303 555
1931 3237 2046 3303 dicitis.
2093 3239 2178 3302 Fin-

180 3321 322 3385 vendum
346 3323 448 3386 51555
471 3322 667 3386 hominibus.
697 3320 764 3386 Sed
785 3320 944 3386 advertite
957 3322 1044 3397 bene,
1064 3320 1151 3403 5555
1202 3324 1278 3407 gitis
1301 3323 1398 3387 etiam
1419 3323 1527 3405 ipsum
1547 3343 1665 3389 vocare
1687 3344 1747 3388 nos
1759 3322 1955 3401 0555511555,
1978 3322 2064 3407 qnod
2088 3330 2177 3389 certe

180 3408 277 3470 tacite
294 3407 440 3470 fatemini
468 3426 527 3470 555
548 3426 619 3471 esee
641 3407 831 3481 morionem,
854 3407 983 3488 quando
1004 3409 1096 3472 vobis
1119 3417 1151 3470 et
1202 3429 1370 3491 55555551
1398 3409 1538 3492 legimns
1567 3409 1601 3473 15
1631 3408 1696 3473 5115
1725 3409 1794 3473 5155
1822 3409 1912 3474 11555.
1958 3409 2045 3473 Nam
2075 3412 2176 3474 etiam

180 3491 454 3557 05551555551515
475 3492 610 3556 tertium
621 3491 799 3575 adiungere
810 3492 995 3556 (15151555.
1030 3494 1152 3558 Dicent
1202 3495 1313 3559 51555
1341 3495 1513 3570 fateretur,
1542 3495 1686 3577 seipsum
1714 3492 1894 3559 55555555.
1940 3493 2104 3578 8551555
2126 3505 2177 3559 555

180 3585 289 3641 autem
317 3576 402 3659 5555
427 3576 519 3642 555151
551 3579 688 3659 5551555
708 3598 821 3642 omnes
850 3578 912 3643 sibi
934 3599 1004 3642 esse
1027 3579 1152 3643 similes
1202 3581 1299 3644 51515
1329 3588 1456 3658 555555,
1487 3601 1583 3662 5555
1611 3588 1650 3644 55
1678 3579 1737 3645 hoc
1765 3580 1893 3645 scribat.
1939 3579 2036 3662 Quod
2065 3591 2177 3646 autem

181 3673 239 3726 aut
260 3661 375 3726 saltem
399 3663 590 3726 existimari.
635 3661 732 3742 Quod
754 3665 881 3728 fueritis
902 3666 1095 3747 compuncti,
1119 3671 1153 3728 et
1202 3666 1365 3748 suscipitis
1404 3665 1624 3731 defensionem
1657 3686 1715 3748 pro
1752 3666 1793 3730 115
1833 3667 1889 3748 551
1928 3666 2178 3732 fabricaverunt

180 3746 352 3813 retaliandi
381 3750 489 3811 animo
521 3747 713 3830 procedatis,
746 3770 787 3812 ex
815 3770 853 3812 eo
885 3760 1029 3832 apparet,
1064 3749 1151 3831 quod
1201 3751 1347 3827 Interim,
1371 3751 1465 3817 nobie
1482 3751 1636 3816 videmini
1654 3752 1775 3816 multas
1793 3752 1895 3817 55555
1913 3752 2010 3817 horas
2028 3751 2177 3834 perdere,
2203 3787 2206 3792 .

180 3854 240 3916 pro
257 3834 369 3915 paucis
380 3834 509 3897 iniuriis
527 3835 616 3897 51115
628 3833 844 3898 511155555ιὶ5
855 3835 965 3909 55555,
988 3835 1037 3919 (et
1053 3856 1150 3917 saepe
1202 3846 1235 3901 ct
1266 3858 1418 3918 rumpere
1455 3839 1619 3903 incassum
1652 3846 1752 3920 caput
1783 3845 1939 3902 vestrum.
1992 3835 2082 3918 Quia
2114 3839 2176 3920 ipsi

181 3919 266 3983 male
299 3918 340 3983 ad
367 3921 588 4000 propositum)
618 3920 653 3982 in
679 3921 787 4001 ipsum
816 3922 962 3985 animose
984 3923 1148 3986 eructatis.
1200 3942 1265 3987 non
1278 3922 1391 3988 551555
1401 3931 1529 3987 tantum
1551 3923 1681 4003 laboris,
1702 3944 1763 3989 nec
1783 3944 1879 3988 causa
1896 3944 2017 3987 corum.
2051 3923 2177 3988 Volue-

181 4006 275 4070 Inter
289 4024 371 4085 5555
392 4004 597 4086 reperiantur
614 4005 726 4081 multa,
750 4026 834 4087 5555
844 4007 976 4070 0515151
994 4026 1151 4087 personae
1202 4016 1280 4072 runt
1301 4009 1389 4072 5515
1411 4009 1516 4073 facere
1538 4030 1640 4074 5555
1662 4007 1806 4074 terribile
1824 4007 2029 4093 mellingium
2052 4009 2097 4073 55
2118 4030 2177 4074 555

181 4090 272 4154 55115
304 4090 399 4154 5555
439 4092 655 4167 conveniunt,
695 4092 723 4154 51
756 4091 838 4155 5555
871 4092 1149 4156 55155555555515.
1201 4094 1317 4176 capite,
1352 4114 1416 4158 555
1445 4115 1504 4176 pro
1538 4094 1719 4177 reparanda
1746 4095 2010 4172 Christianitatc,
2044 4096 2105 4160 eod
2135 4094 2175 4159 ad

180 4175 371 4239 Ridiculum
400 4186 487 4239 certe
509 4176 665 4257 estquod
687 4196 746 4240 555
768 4197 843 4240 555
865 4178 952 4240 15555
971 4177 1150 4243 cucullatos
1201 4177 1391 4244 exaltandos
1430 4179 1567 4261 5515555,
1607 4191 1640 4245 et
1678 4179 1897 4264 generandam
1938 4182 2176 4247 confusionem.

181 4270 216 4325 55
240 4262 420 4344 votifragos
454 4264 693 4336 annumeratis,
729 4263 806 4342 qnia
841 4283 1009 4344 nunqnam
1042 4264 1151 4326 induit
1201 4265 1376 4347 Respicite,
1399 4285 1602 4346 quaesumus,
1627 4266 1666 4331 de
1684 4267 1767 4331 5555
1784 4287 1893 4349 55555,
1918 4276 1951 4330 55
1972 4268 2177 4350 cognoscetis
2297 4300 2298 4304 ¹

181 4346 350 4411 cucullam.
393 4346 577 4417 Praeterea,
606 4346 690 4429 5555
719 4348 925 4424 555555155,
956 4349 1150 4425 calamistro,
1200 4350 1301 4414 fuisse
1323 4350 1471 4414 homines
1489 4350 1686 4433 prophanas,
1709 4352 1764 4434 551
1787 4361 2021 4433 spectaverunt
2044 4361 2178 4418 tantum

180 4443 214 4495 et
235 4432 368 4495 militari
390 4442 481 4495 veste
497 4432 650 4496 indutum
672 4434 806 4497 vocatis.
851 4431 937 4512 Quia
959 4435 1079 4508 scimus
1101 4443 1151 4498 to-
1201 4435 1349 4518 pclitiam
1383 4445 1562 4500 externam.
1615 4437 1683 4502 Vos
1716 4439 1816 4502 etiam
1838 4438 1921 4502 bene
1944 4438 2067 4504 videtis
2090 4439 2177 4523 qnod

180 4527 251 4580 tum
274 4518 482 4594 contrarium,
515 4527 548 4581 et
565 4518 714 4583 videmus
736 4539 794 4582 555
817 4518 895 4583 5555
917 4540 1013 4584 aures
1035 4519 1151 4602 511551-
1201 4520 1313 4585 551155
1341 4522 1418 4586 1555
1439 4522 1564 4587 fructus
1592 4533 1722 4588 5555555
1744 4531 1806 4601 555,
1837 4523 1895 4587 555
1919 4545 2009 4588 5555
2031 4525 2177 4607 propha-

180 4601 242 4666 bns
270 4603 510 4685 impostoribus,
544 4604 598 4685 qni
631 4604 755 4669 faciunt
783 4603 914 4669 credere
948 4604 1039 4669 55515
1066 4604 1151 4687 5555
1202 4608 1299 4672 55515.
1341 4607 1409 4672 Ν55
1442 4609 1615 4686 miramur,
1649 4609 1675 4672 51
1709 4608 1858 4674 51555555
1891 4610 1991 4674 151555
2024 4610 2177 4676 5551555

181 4687 306 4764 551555,
334 4698 368 4751 55
396 4691 531 4771 capiunt
555 4689 755 4771 voluptatem
795 4688 836 4754 ad
868 4710 927 4756 voe
959 4690 1149 4755 fallendum.
1201 4693 1371 4758 exercitati
1394 4691 1435 4756 55
1458 4693 1686 4778 abnegandum
1709 4693 1889 4761 Christum.
1932 4695 2008 4760 Non
2032 4697 2115 4763 facit
2137 4695 2177 4761 ad

180 4773 279 4838 Absit
300 4775 385 4837 5515
408 4788 445 4837 ut
466 4776 668 4856 suspicemur
690 4796 748 4840 555
769 4777 833 4839 ieta
854 4774 895 4839 55
916 4778 1020 4858 capite
1042 4788 1151 4841 vestro
1200 4780 1401 4861 propositum
1435 4778 1519 4861 51155
1550 4780 1698 4864 allegatis
1727 4780 1767 4845 55
1800 4780 2047 4863 horripilatione
2077 4804 2177 4866 5555

179 4859 353 4924 fabricare:
373 4858 429 4924 scd
451 4860 533 4924 bene
545 4858 709 4925 voluimus
720 4881 777 4925 voe
789 4861 959 4938 monitum,
971 4863 1151 4928 reverende
1200 4864 1385 4947 patiebatur
1395 4865 1437 4928 D.
1451 4864 1649 4942 Ludovicus,
1668 4867 1794 4950 quoties
1806 4867 1990 4931 habebatur
2007 4889 2119 4933 55555
2137 4868 2177 4932 55

179 4945 290 5019 Pater,
318 4953 356 5007 55
387 4945 537 5028 cogitetis
555 4967 651 5028 5555
679 4946 783 5010 51555
812 4948 889 5011 ostis
910 4955 1059 5012 moturus
1081 4970 1150 5013 cm·
1200 4950 1391 5034 abneganda
1412 4951 1484 5017 fide.
1521 4951 1608 5032 Quia
1629 4954 1712 5018 tales
1733 4952 1859 5036 5111555,
1883 4954 1938 5036 5111
1961 4954 2059 5018 5555
2082 4956 2179 5018 51555

180 5030 362 5112 51555-551
384 5031 494 5095 sciunt
506 5031 683 5096 Calvinum
705 5052 775 5097 csse
797 5045 891 5097 tonso
912 5035 1027 5116 capite,
1050 5055 1150 5116 quum
1201 5036 1296 5101 5555
1325 5044 1462 5119 negant,
1496 5046 1530 5102 et
1558 5039 1742 5105 claudicant
1762 5039 1797 5102 in
1827 5049 2001 5121 utramque
2032 5050 2176 5123 partem,

178 5114 367 5198 intelligent
387 5136 448 5180 555
466 5114 629 5198 appellare
651 5118 759 5198 ipsum
781 5117 1046 5184 calamistratum.
1081 5120 1151 5203 Ipsi
1202 5143 1268 5187 non
1290 5139 1370 5187 sunt
1391 5131 1504 5190 sancto
1526 5124 1574 5189 illi
1597 5125 1682 5209 Regi
1700 5124 1918 5209 comparandi,
1942 5126 1999 5209 qui
2019 5126 2178 5190 fundavit

177 5210 268 5266 corte
291 5199 400 5266 dicent
421 5223 478 5267 555
501 5202 686 5288 affingendc
708 5202 755 5266 illi
774 5202 982 5284 calamistros,
1005 5205 1150 5272 55151555
1201 5215 1250 5271 555
1272 5211 1478 5285 5555555515,
1508 5210 1652 5295 collegia,
1679 5223 1713 5276 et
1734 5210 1883 5294 capellas.
1928 5210 1989 5276 Ieti
2013 5233 2092 5277 5555
2113 5233 2176 5276 55-
