4778 5888
88 319 146 380 ιιι
692 368 693 373 ι
991 288 1185 384 rosam.
1789 279 1798 292 ⁸
1950 285 1954 291 ’
2018 321 2083 386 ιιι

172 500 208 568 S.
233 501 301 584 Qui
322 503 382 569 has
410 501 524 569 literas
550 502 611 568 tibi
631 500 769 568 reddent
789 503 938 570 homines
963 503 1057 588 probi
1106 527 1166 590 pro
1194 507 1311 572 meritc
1337 526 1357 570 a
1383 506 1539 591 gravibus
1560 511 1594 571 st
1614 503 1791 585 moderatis
1818 504 1900 574 viris
1930 525 2001 573 esse
2028 527 2080 573 re-

86 596 165 656 sunt
193 598 227 654 ct
258 588 390 674 integri,
423 587 509 671 apud
543 609 623 672 quos
657 597 727 653 tuto
755 587 865 656 licebit
896 590 1056 674 deponere
1107 591 1288 675 pudiatum,
1309 612 1484 675 persuasus
1514 591 1614 657 etiam
1643 591 1688 655 sit
1707 591 1899 659 Helveticae
1920 592 2080 673 civitates,

86 672 244 758 quidquid
273 695 326 740 mo
359 674 441 740 scire
469 672 569 753 voles,
599 695 657 757 per
685 676 817 760 nogotia
838 696 918 742 vero
946 675 1057 741 minus
1107 686 1145 742 ιιι
1172 678 1236 743 fert
1262 698 1433 744 commune
1464 677 1517 743 ius
1545 684 1578 743 ot
1605 684 1721 741 mutua
1748 677 1836 743 inter
1866 679 2079 763 magistratus

87 758 293 827 commodum
323 760 384 825 erit
411 759 515 825 literis
544 759 721 843 complecti.
773 761 880 826 Ambo
897 760 982 826 mibi
1008 762 1057 826 la·
1107 763 1299 842 coniunctio,
1329 762 1370 828 ad
1392 761 1606 829 cohibendam
1633 762 1720 829 hanc
1745 763 1945 846 proterviam
1970 765 2079 847 potius

86 845 232 911 miliares
261 854 341 910 sunt
374 846 484 910 amici:
518 845 603 911 alter
629 853 755 924 tamen,
788 845 881 912 cuius
913 867 1057 912 sororem
1107 846 1176 914 sore
1193 869 1381 932 propensas,
1403 869 1502 931 quam
1523 855 1562 913 ιιι
1577 848 1838 914 criminationem
1860 849 2091 933 aquisquiliis,

87 930 242 997 Budaeus
261 940 372 996 noster
382 930 481 997 habet
496 952 634 996 uxorem
649 930 736 1014 apud
746 952 798 996 me
809 932 1018 1015 frequentior.
1031 937 1056 1011 ¹)
1108 942 1141 999 et
1168 933 1261 999 nihili
1296 933 1514 1000 nebulonibus
1548 932 1711 1016 prolatam
1743 933 1934 999 admittant:
1966 943 2079 1001 tamen

89 1016 178 1099 Quia
205 1038 246 1082 ex
269 1015 427 1083 viduitate
458 1017 610 1082 acerbum
636 1038 815 1082 moerorem
839 1025 1056 1094 contraxerat,
1107 1041 1174 1085 non
1206 1028 1275 1084 tam
1303 1018 1502 1085 defensionis
1535 1039 1613 1084 suae
1640 1038 1737 1084 causa
1763 1039 1848 1102 quae
1877 1040 2079 1103 supervacua

86 1102 237 1168 hortatus
259 1123 331 1167 sum
354 1111 392 1166 ιιι
412 1124 471 1167 vos
493 1104 656 1169 inviseret.
689 1102 786 1183 Quod
808 1104 894 1168 enim
916 1103 1055 1169 sciebam
1106 1105 1202 1184 foret,
1223 1125 1321 1187 quam
1332 1111 1473 1171 utsuam
1492 1103 1766 1170 existimationem
1783 1104 1947 1188 integram
1958 1113 2077 1186 servet,

86 1187 214 1272 pridem
247 1194 383 1271 optasse,
416 1189 545 1271 speravi
584 1187 738 1255 mediocri
770 1189 840 1254 foro
867 1189 982 1255 solatio
1015 1188 1056 1252 ad
1106 1211 1219 1257 veram
1242 1190 1342 1255 totius
1365 1191 1412 1255 rei
1436 1190 1605 1256 historiam
1627 1189 1798 1255 bonafide
1821 1190 1975 1273 proferre.
2007 1191 2079 1270 Du:

86 1273 276 1339 leniendum
310 1272 463 1338 dolorem.
512 1274 587 1340 Etsi
615 1294 681 1338 non
713 1275 802 1340 tacui
835 1274 898 1339 alio
930 1295 1056 1357 quoque
1106 1275 1183 1359 plax
1216 1284 1327 1341 autem
1356 1274 1531 1342 exhibendi
1555 1275 1669 1340 soriti
1696 1276 1780 1340 ratio
1806 1274 1900 1341 nobis
1927 1277 2078 1343 occurrit.

87 1368 235 1443 spectare
256 1379 368 1423 meum
385 1357 565 1424 consilium.
598 1359 684 1423 Nam
705 1380 805 1442 quum
826 1370 913 1425 carto
930 1367 1056 1426 constet
1107 1360 1192 1427 Nam
1212 1361 1356 1446 legatum
1379 1361 1468 1426 mitti
1487 1360 1595 1444 quiB
1639 1380 1720 1426 enae
1747 1380 1880 1426 causam
1902 1369 1988 1446 agat,
2010 1383 2078 1428 non

86 1445 178 1511 urbis
195 1444 468 1510 nostraoexsulss
486 1465 523 1510 ac
542 1443 713 1510 damnatos
725 1465 829 1527 nuper
850 1445 886 1509 in
908 1447 1056 1528 proximo
1106 1445 1325 1512 videturesse
1347 1469 1388 1512 ex
1411 1446 1570 1531 dignitate
1591 1446 1691 1512 urbis.
1734 1446 1826 1530 Ergo
1848 1445 1888 1511 ab
1910 1446 2022 1514 amicis
2041 1449 2078 1513 in

86 1539 251 1599 conventu
272 1530 435 1596 helvetico
456 1529 578 1612 aliquid
604 1530 734 1595 molitos
756 1532 873 1612 ssse,²)
896 1531 1056 1614 quomodo
1107 1553 1220 1599 omnes
1238 1541 1347 1616 partes
1365 1532 1565 1615 exemplaria
1576 1531 1696 1597 dimitti
1713 1530 1857 1615 placeret
1873 1553 1948 1597 cum
1970 1533 2079 1616 aliqua

85 1618 216 1699 excepti
238 1624 273 1680 ει
294 1614 373 1699 quid
402 1617 512 1700 adepti
538 1616 661 1682 fuerint
687 1613 813 1680 tamdiu
834 1617 960 1683 nescire
982 1637 1056 1698 per·
1107 1619 1393 1697 commendatione,
1414 1625 1453 1683 ut
1469 1617 1667 1701 intelligeret
1687 1616 1845 1700 cuiusque
1866 1617 2008 1684 civitatis
2029 1639 2078 1684 se·

87 1721 185 1786 quam
203 1701 479 1767 nobismolestum
501 1711 558 1767 est.
592 1700 758 1784 Scriptum
776 1699 1056 1786 quidemlegimus
1107 1714 1205 1770 natus
1228 1704 1310 1768 nihil
1330 1704 1398 1770 illic
1420 1724 1491 1769 esse
1512 1703 1676 1769 frivolum.
1720 1704 1831 1785 Atque
1857 1702 1912 1767 hic
1933 1703 2077 1770 consulis

87 1788 253 1855 atrocibus
285 1789 320 1850 in
354 1795 505 1852 senatum
531 1795 681 1852 nostrum
702 1787 837 1869 probris,
868 1786 924 1854 sed
953 1808 1056 1871 aeque
1106 1791 1207 1856 vestri
1236 1791 1402 1868 autoritas,
1435 1789 1491 1854 vel
1519 1790 1617 1853 etiam
1642 1795 1776 1854 senatus
1804 1788 2012 1872 amplissimi,
2039 1790 2076 1854 in

86 1873 212 1958 putidis
240 1872 414 1938 mendaciis
443 1874 609 1938 refertum.
659 1871 785 1937 Verum
808 1873 869 1940 hoc
891 1875 974 1940 scire
1003 1895 1056 1940 cu·
1106 1874 1287 1942 subsidium
1308 1872 1498 1940 advocanda
1518 1881 1613 1940 esset.
1657 1875 1822 1940 Probatur
1838 1881 1948 1939 tamen
1970 1875 2076 1959 magis

86 1958 163 2044 pide
180 1957 413 2044 appetebamus
430 1958 590 2041 numquid
607 1979 681 2042 spes
692 1957 756 2023 illis
774 1958 851 2024 data
871 1958 980 2035 fuerit,
1003 1959 1055 2026 vel
1106 1959 1248 2028 secunda
1276 1961 1370 2040 ratio,
1403 1958 1566 2043 siquidem
1596 1958 1690 2026 vobis
1721 1958 1877 2025 arrideat:
1909 1960 2076 2026 hominem

86 2066 201 2112 corum
234 2045 416 2109 criminatio
446 2065 466 2109 a
494 2045 664 2109 civitatum
692 2043 808 2128 legatis
840 2045 958 2110 audita.
1010 2045 1056 2109 Et
1104 2047 1191 2112 mitti
1213 2047 1271 2129 qui
1291 2066 1351 2130 per
1372 2045 1519 2130 singulas
1540 2045 1638 2112 urbas
1659 2046 1792 2111 nomine
1813 2053 1947 2110 sanatus
1970 2045 2075 2111 nostri

87 2152 274 2215 quanquam
302 2129 467 2213 repulsam
501 2151 564 2212 qua
596 2130 686 2214 digni
716 2139 809 2194 erant
841 2152 907 2195 nou
935 2130 1055 2212 absque
1104 2131 1273 2216 exemplar
1301 2153 1401 2197 unum
1431 2133 1556 2210 offerat,
1585 2152 1659 2197 cum
1687 2131 1793 2198 literis
1814 2130 1931 2214 quibus
1959 2137 2076 2215 rogent

87 2216 269 2302 ignominia
286 2224 321 2280 ει
333 2214 473 2280 ludibrio
484 2224 666 2299 reportasse
677 2215 879 2295 confidimus,
897 2237 1056 2300 suspensa
1106 2219 1210 2284 nostri
1241 2225 1281 2282 ut
1312 2217 1420 2301 legare
1453 2216 1630 2302 dignentur
1663 2224 1837 2282 senatores.
1892 2216 1979 2281 Nam
2012 2216 2074 2282 hoc

86 2310 197 2368 tamen
220 2301 419 2383 exspectatio
449 2322 508 2367 nos
535 2299 631 2366 valdo
652 2304 766 2366 anxios
794 2310 893 2367 tenet.
945 2301 1056 2384 Quare
1105 2302 1201 2369 modo
1223 2304 1321 2368 etiam
1344 2303 1454 2386 aliqua
1474 2303 1559 2368 forte
1579 2303 1747 2385 responsio
1769 2302 1948 2368 eliceretur.
1992 2300 2075 2367 an-

88 2388 169 2454 baec
201 2386 317 2470 cupide
346 2407 367 2451 a
392 2407 446 2451 me
477 2395 608 2469 arrepta
639 2387 703 2451 init
730 2388 853 2453 occasio
874 2396 913 2452 ut
934 2409 993 2453 nos
1015 2387 1056 2452 de
1104 2398 1212 2454 terum
1243 2389 1397 2454 refutatio
1424 2387 1548 2454 nullius
1575 2389 1639 2454 crit
1660 2388 1793 2471 negotii,
1825 2387 1902 2470 quia
1922 2395 1991 2451 tam
2011 2387 2074 2451 im·

87 2484 157 2541 tota
189 2475 314 2540 actione
347 2473 481 2555 eiusque
508 2483 627 2539 eventu
660 2473 813 2539 certiores
847 2473 900 2540 bio
932 2474 1055 2539 amicus
1105 2473 1266 2559 pudenter
1287 2496 1325 2540 ac
1343 2474 1414 2540 sine
1432 2473 1538 2540 colore
1555 2474 1689 2538 mentiri
1710 2473 1783 2538 ausi
1799 2480 1885 2548 sunt,
1911 2480 1949 2537 ut
1969 2471 2075 2539 tribus

87 2562 216 2627 faceret
1105 2560 1214 2626 verbis
1242 2559 1396 2626 ridiculos
1423 2561 1528 2625 facere
1556 2567 1745 2642 promptum
1771 2560 1824 2624 sit.
1874 2558 1946 2642 Ego
1976 2559 2011 2623 in
2039 2578 2075 2623 re

172 2647 250 2712 Alia
271 2645 368 2711 etiam
391 2645 474 2711 ratio
497 2666 549 2710 me
571 2643 613 2709 ad
633 2644 720 2710 banc
746 2645 976 2727 profectionem
998 2665 1054 2710 ur·
1105 2655 1175 2711 tam
1206 2647 1291 2711 seria
1322 2645 1429 2725 fidem,
1463 2645 1613 2730 gratiam,
1646 2665 1739 2728 opem
1762 2651 1796 2709 et
1821 2665 1953 2727 operam
1983 2651 2075 2709 tuam

88 2731 228 2816 gandam
250 2733 356 2815 magis
377 2730 517 2815 impulit,
545 2730 622 2814 quia
648 2728 890 2796 cordatissimus
919 2731 1054 2813 quisque
1104 2731 1254 2815 imploro,
1287 2739 1324 2795 ut
1356 2738 1447 2796 tuam
1480 2737 1513 2795 et
1545 2730 1689 2797 consulis
1721 2730 1917 2796 sententiam
1951 2729 2075 2795 amicus

87 2825 265 2884 exsenatu
288 2830 356 2882 tam
373 2816 511 2901 indigna
532 2817 659 2900 flagitia
686 2825 820 2899 cuperet
840 2815 953 2893 refelli,
982 2823 1053 2880 ten·
1105 2828 1216 2883 noster
1237 2816 1365 2883 referat.
1396 2815 1485 2896 Quia
1505 2837 1583 2882 vero
1600 2817 1731 2900 ignotus
1748 2823 1807 2895 est,
1830 2834 1960 2898 operam
1983 2812 2075 2880 dabis

85 2904 222 2969 tandum
242 2902 414 2968 veronibil
432 2921 601 2968 censemus
623 2902 744 2984 absque
759 2902 899 2966 oonsilio.
929 2900 1054 2967 Consul
1104 2910 1142 2968 ιιι
1162 2904 1196 2967 in
1219 2902 1416 2985 colloquium
1437 2901 1557 2966 veniat
2157 2979 2158 2982 Ἴ

86 2999 194 3054 autem
217 2997 326 3055 vester
355 3010 414 3071 pro
435 3007 494 3054 sua
521 2986 695 3070 prudentia
716 2987 837 3070 optime
861 2987 939 3071 quid
966 2986 1053 3053 factu
1190 2988 1242 3053 De
1271 2988 1367 3053 rebus
1389 2986 1512 3052 nostris
1539 2987 1680 3052 nuncius
1709 2984 1769 3051 tibi
1790 2986 1947 3051 narrabit
1998 2985 2075 3053 001-

86 3095 203 3157 operae
236 3076 378 3157 pretium
407 3075 451 3140 sit
477 3094 543 3138 uno
571 3072 670 3138 verbo
702 3071 868 3156 expediet:
901 3094 960 3155 pro
995 3094 1055 3138 sua
1104 3072 1197 3158 legas
1229 3074 1293 3138 mei
1325 3095 1386 3139 vos
1424 3093 1538 3137 omnes
1576 3079 1765 3137 reverenter
1798 3070 1952 3137 salutant.
2008 3070 2076 3153 Qui

86 3170 196 3226 autem
215 3181 293 3244 erga
321 3166 449 3225 nostros
468 3159 695 3224 benevolentia
712 3158 774 3231 hoc
792 3159 935 3224 officium
960 3180 1053 3241 prae·
1104 3158 1302 3224 mandarunt
1329 3168 1366 3224 ιιι
1393 3158 1455 3225 boc
1483 3157 1577 3223 vobis
1605 3157 1796 3224 scriberem:
1828 3156 1924 3222 nobis
1950 3155 2074 3221 dictum

86 3254 172 3312 stare
194 3268 261 3311 non
294 3246 493 3329 gravabitur.
537 3244 655 3308 Visum
692 3245 798 3309 fuerat
829 3245 875 3310 sic
909 3245 1053 3310 breviter
1104 3265 1184 3322 esse,
1207 3266 1296 3311 nunc
1325 3244 1412 3327 apud
1440 3264 1500 3309 vos
1523 3242 1671 3308 habitare
1700 3241 1862 3325 quendam
1891 3263 1932 3307 ex
1954 3242 2074 3308 Lomo-

85 3331 244 3416 praefari:
281 3333 334 3395 Ex
369 3331 498 3414 vulgari
535 3351 666 3395 rumore
703 3330 885 3396 innotuisse
924 3329 1054 3395 exsules
1103 3329 1213 3396 vicum
1241 3339 1348 3414 gente,
1379 3329 1581 3414 quaeregio
1613 3336 1664 3394 est
1685 3327 1815 3395 Galliae
1841 3328 2020 3394 Arverniae
2042 3333 2075 3392 ει

86 3417 158 3482 illos
192 3416 347 3482 Badenao
379 3415 460 3481 salso
495 3424 527 3480 ει
554 3415 697 3499 improbe
730 3415 770 3480 do
798 3425 913 3481 senatu
942 3423 1054 3480 nostro
1103 3416 1367 3501 Petragoricibus
1396 3415 1512 3494 vicina,
1541 3433 1695 3497 procerae
1722 3421 1867 3489 staturae
1896 3412 2074 3489 bominem,

85 3512 278 3585 conquestos
306 3524 394 3581 esse,
423 3512 456 3568 ct
483 3500 614 3565 tandem
639 3503 795 3583 scriptum
823 3501 958 3566 allatum
982 3521 1053 3566 esse
1103 3501 1223 3568 barbae
1256 3521 1349 3567 rarae
1375 3509 1409 3567 et
1435 3498 1604 3576 subrufae,
1637 3498 1783 3584 corporis
1814 3497 1903 3581 pleni
1935 3504 1968 3562 ει
1999 3496 2073 3575 fusi,

87 3611 128 3654 ex
157 3588 251 3671 prodi
277 3589 352 3653 ’osis
380 3609 440 3654 nec
471 3588 580 3651 minus
600 3586 749 3652 futilibus
776 3586 953 3652 mendaciis
983 3607 1054 3650 con-
1103 3586 1220 3653 coloris
1242 3584 1335 3651 lividi
1356 3588 1578 3670 potiusquam
1597 3583 1678 3650 albi:
1701 3605 1721 3649 a
1741 3605 1805 3668 quo
1823 3582 1999 3649 vestiisse
2018 3580 2073 3647 ds-

86 3676 209 3739 flatum.
245 3609 341 3754 guod
355 3675 415 3739 etsi
434 3694 500 3738 non
519 3672 645 3738 dubitet
662 3681 796 3738 senatus
809 3681 921 3737 noster
942 3692 1054 3738 severe
1103 3680 1214 3756 ceptos
1235 3669 1329 3737 nobis
1352 3671 1450 3737 dolet.
1494 3672 1618 3736 Fertur
1635 3669 1722 3736 enim
1746 3667 1833 3752 apud
1861 3690 1920 3735 vos
1942 3667 2073 3733 duxisse

1103 3778 1249 3823 uxorem.
1304 3756 1402 3839 Quod
1434 3757 1463 3822 si
1495 3778 1610 3822 verum
1643 3764 1702 3833 est,
1732 3755 1799 3819 iam
1827 3762 1876 3820 est
1902 3751 2072 3836 trigamus.

1104 3843 1216 3924 Quum
1244 3843 1311 3908 huo
1338 3843 1482 3908 venisset
1509 3850 1586 3907 ante
1607 3861 1710 3906 annos
1731 3842 1872 3923 quinque
1899 3837 2073 3903 mulierem

87 3930 179 3986 ²⁵05·
190 3929 220 3997 1)
239 3929 342 3997 Nempe
370 3928 458 3983 Oml-
485 3928 652 3983 10'12’02200248
682 3929 761 3981 ΝΜ
794 3941 911 3982 mm·
938 3927 1055 3981 duaa:
1104 3951 1213 3996 secum
1245 3928 1384 3994 adduxit
1412 3949 1495 4011 quae
1517 3928 1629 3992 habita
1651 3935 1700 3991 est
1722 3926 1832 3991 uxoris
1859 3923 1939 4001 loco,
1970 3922 2073 3988 donec

85 4002 128 4055 10.
145 3999 346 4135 mmccccl
364 4066 414 4120 vl.
432 4063 497 4119 186:
514 4067 567 4119 Les
585 4066 687 4144 fugitis
705 4063 860 4118 docensve
878 4071 974 4116 eurem
990 4063 1053 4116 m·
1103 4037 1163 4164 ¹per
1193 4014 1375 4099 longiorem
1407 4015 1478 4080 eius
1509 4011 1690 4078 absentiam
1719 4015 1918 4093 compertum
1952 4015 2003 4074 est
2035 4028 2072 4073 ac

84 4137 150 4191 daec
165 4137 199 4190 de
217 4153 246 4189 se
264 4135 405 4204 presenter
422 4135 523 4188 devant
546 4135 572 4187 la
589 4135 661 4187 dieta
680 4134 727 4186 des
744 4142 854 4187 cantens
873 4131 1054 4186 assemble'ei
1117 4100 1234 4201 ‘quffdifl
1265 4099 1460 4166 lessfimfflfifl
1491 4099 1673 4180 Pr⁰b⁸lumr
1705 4096 1839 4161 alteram
1872 4112 1946 4192 effm
1978 4093 2072 4176 prim

84 4206 158 4261 Bada
176 4223 211 4258 an
228 4205 296 4257 mois
314 4204 348 4256 do
362 4204 461 4272 juillet,
485 4209 513 4255 et
530 4202 573 4273 d'y
592 4203 720 4272 prodniro
736 4220 774 4254 nn
797 4203 888 4255 libella
905 4202 1003 4265 rampli
1020 4201 1054 4254 de
1104 4186 1246 4252 duxlsse.
1307 4187 1353 4251 Et
1392 4193 1503 4249 tamen
1536 4193 1607 4249 orat
1645 4204 1686 4248 ox
1719 4187 1934 4263 quaestuams
1968 4197 2071 4260 papae

85 4274 230 4328 calomnies
248 4278 343 4326 contre
360 4273 386 4325 lo
404 4272 546 4340 magistrat
563 4271 597 4324 de
615 4270 733 4335 (locive,
750 4272 839 4324 disant
857 4269 934 4339 qu'ils
952 4270 1054 4323 etaient
1104 4272 1270 4349 sacrificis,
1299 4271 1355 4353 qui
1383 4268 1549 4336 migggndo
1579 4268 1784 4352 quotidianas
1812 4282 1927 4347 operas
1953 4262 2070 4329 loom,

85 4344 262 4412 injustsment
284 4341 438 4409 perse'outts
462 4348 491 4394 et
513 4341 620 4394 obesses
638 4340 671 4393 de
693 4341 752 4392 leur
775 4340 863 4409 patrie
881 4349 910 4391 et
928 4355 979 4407 qne
999 4338 1054 4391 s'ils
1103 4358 1175 4423 Iam
1203 4378 1280 4423 vero
1302 4355 1446 4439 perfidus
1467 4364 1517 4421 est
1544 4376 1582 4421 ω
1611 4351 1807 4421 oreditorum
1829 4347 2006 4426 fraudator,
2029 4370 2071 4414 οι

87 4419 192 4535 ιιι
209 4416 505 4534 :ussurus
525 4407 1054 4558 uf.uus:ictuatus:
1103 4464 1241 4526 a...
1261 4462 1397 4507 numero
1419 4462 1479 4524 σε
1713 4437 1758 4501 a
1775 4443 1887 4499 ...a
1908 4435 1943 4498 a
1961 4433 2072 4499 oua

88 4547 286 4620 voverentdes
305 4546 494 4617 deputastis
511 4545 584 4600 di'ote
601 4564 670 4616 pour
692 4563 721 4600 ss
740 4547 857 4615 justitior
874 4552 903 4598 ει
925 4546 1054 4626 informer
1102 4550 1156 4593 me
1175 4529 1412 4627 foeneratorem
1432 4546 1503 4625 csse
1524 4527 1667 4624 iactavit:
1708 4520 1802 4603 Quae
1825 4519 1939 4618 soribo,
1962 4519 1990 4584 ai
2012 4541 2071 4586 vos

87 4618 127 4670 les
144 4624 257 4670 cantens
274 4617 309 4668 ds
325 4616 352 4668 la
370 4616 462 4670 ve'ritd.
497 4616 550 4670 Las
568 4622 689 4678 cantone,
705 4616 744 4668 les
762 4624 845 4685 ayant
855 4620 923 4676 onis,
940 4616 1053 4693 temorg·
1102 4613 1317 4697 postulamus,
1345 4610 1530 4679 cumblmug
1551 4609 1686 4694 pubhffls
1710 4613 1931 4671 monumgnng
1953 4612 2072 4670 testata

88 4685 184 4740 n'ercnt
211 4688 269 4739 citra
295 4685 425 4737 satistaits
451 4692 480 4739 et
501 4683 630 4754 jugarent
652 4700 705 4753 qne
723 4684 867 4737 Massicum
890 4683 925 4736 de
946 4685 1054 4763 Genera
1103 4700 1242 4765 mittem
1287 4699 1372 4762 vale
1399 4699 1527 4775 iterum,
1556 4693 1832 4778 praestantissimo
1860 4691 1912 4755 vir
1933 4699 1967 4755 ot
1988 4689 2071 4755 mihi

87 4754 1055 4891 titiitillidi?tlt.ttttstl'tttttsstttttt
1102 4784 1305 4853 observande
1325 4785 1435 4850 frater·
1477 4780 1520 4846 D·
1546 4777 1715 4846 Garum
1736 4796 1857 4862 seuero
1884 4784 1940 4842 tuo
1969 4784 2003 4841 a
2022 4797 2073 4843 re

87 4892 177 4962 Oepen
198 4898 246 4944 ant
268 4908 302 4946 ne
324 4892 436 4944 roulant
461 4909 510 4961 pas
536 4892 706 4945 absolnment
731 4906 864 4959 reuvoycr
888 4889 928 4942 las
954 4888 1054 4957 lugitils
1103 4872 1201 4955 liquis
1228 4870 1386 4937 fratribus
1413 4868 1587 4952 plurimam
1620 4864 1768 4930 salutem.
1821 4861 2071 4962 Dominusllbi

87 4978 148 5015 sans
166 4962 226 5016 leur
242 4958 370 5014 accorder
387 4960 592 5029 quelquecbosc,
605 4960 640 5013 ils
656 4957 850 5013 demandircut
867 4975 920 5010 anx
942 4956 1054 5025 de'pnte's
1104 4958 1309 5040 familiaeque
1336 4954 1505 5022 benedicat
1536 4972 1654 5035 vosque
1687 4948 1847 5035 gubernet
1866 4968 1925 5013 suo
1954 4956 2071 5030 gpmtu

87 5031 120 5084 ι’
139 5028 349 5118 θθιὸιθ,.(1“ὀ“
371 5031 430 5084 ¹2¹⁸
451 5031 585 5111 marcar,
612 5046 661 5111 11⁸3
683 5032 763 5098 graec
783 5026 907 5108 speciale,
933 5025 959 5079 ¹⁰
982 5025 1054 5079 sanf-
1103 5045 1258 5126 usquein
1275 5044 1383 5109 finem.
1417 5040 1573 5106 Gonevae
1591 5042 1609 5101 3
1630 5034 1793 5101 calendas
1814 5032 1957 5117 Augusti
1978 5037 2070 5098 1556.

88 5099 197 5154 candart
215 5099 293 5167 anls
316 5098 519 5165 demandarent,
544 5098 673 5153 toutefois
696 5113 758 5151 sans
780 5094 916 5176 pragndrce
934 5094 967 5147 da
996 5094 1055 5148 leur

87 5168 210 5222 honneur
233 5172 262 5221 et
284 5167 318 5221 de
341 5169 368 5220 ln
390 5166 488 5221 liberti
514 5167 548 5220 de
574 5168 601 5220 la
626 5167 696 5220 rille.
725 5166 782 5237 ‚nce
800 5162 912 5232 depute's
934 5162 990 5217 s’sn
1008 5180 1054 5217 ex·
1558 5158 1699 5222 Ioannes
1719 5152 1877 5221 Calvinus
1899 5160 1984 5218 tuus.

88 5237 213 5292 curarant
230 5236 424 5291 honuitement
440 5242 469 5289 ct
486 5237 525 5289 les
542 5242 654 5290 cantens
671 5236 798 5303 recurant
814 5234 873 5286 leur
891 5248 994 5288 excuse.
1482 5277 1676 5292 ,—

192 5321 304 5378 Caluini
317 5337 408 5391 opero.
450 5321 505 5377 Vol.
524 5320 607 5376 XVI.
1833 5304 1867 5359 16
