4688 5910
263 353 325 415 699

348 535 537 602 Clarissimo
561 535 630 600 viro
648 535 689 600 D.
703 534 851 600 Henrico
869 532 1062 617 Bullingero
1081 529 1231 614 theologo

277 622 542 723 'mumadssimo
570 637 604 686 et
625 619 748 704 pastori
775 619 929 686 ecclesiae
950 618 1127 700 ligurinae
1154 614 1233 682 fide-

304 728 386 774 srmo
1021 787 1145 873 Tim

548 964 665 1029 Frano.
688 961 821 1027 Hotom.
844 961 880 1028 S.
902 960 944 1026 D.

265 1184 427 1251 Farellum
448 1193 482 1250 et
502 1184 638 1264 Beuum,
667 1184 797 1267 opinor,
826 1184 893 1248 iam
920 1181 1042 1248 audisti
1070 1203 1090 1246 a
1118 1187 1234 1245 senatu

265 1278 379 1336 nostro
406 1271 656 1353 impetrassent
683 1291 718 1336 se
746 1271 782 1334 in
801 1269 983 1334 Helvetiois
1005 1277 1038 1334 et
1058 1266 1236 1332 Germanis

265 1355 425 1440 theologis
454 1354 496 1420 ad
522 1357 663 1420 amicum
690 1354 822 1437 aliquod
843 1354 1040 1438 colloquium
1061 1350 1236 1419 evocandis

265 1443 496 1524 interponeret.
540 1440 581 1505 Id
611 1444 647 1505 in
676 1449 792 1506 senatu
814 1452 925 1505 nostro
947 1458 1036 1505 nunc
1057 1438 1177 1523 agitur,
1199 1444 1237 1501 ut

265 1527 370 1603 audio,
399 1547 526 1593 summo
554 1526 669 1592 studio.
693 1560 989 1577 -----
1011 1525 1082 1609 xiij.
1102 1520 1235 1590 Oalend.

265 1612 419 1679 Decemb.
444 1616 535 1676 1557.

703 2172 802 2243 2550.

530 2324 733 2393 murus
757 2323 973 2392 OALVINO.

356 2499 499 2565 Nuuctat
519 2501 660 2562 sautum
685 2495 889 2562 Gauecuuem
909 2496 947 2561 de
962 2497 1097 2580 propria
1123 2496 1238 2563 liberu-

270 2586 355 2653 litute
372 2590 400 2650 ct
420 2584 601 2664 neutiquam
621 2582 805 2648 adiciatur
830 2583 895 2664 ipsi
910 2584 1064 2664 muriae
1083 2602 1238 2648 summam

268 2672 404 2736 matese.
446 2667 579 2733 statutt
598 2667 749 2733 uouuulla
766 2668 804 2732 de
829 2668 951 2748 foedere
979 2669 1059 2733 iuter
1076 2672 1239 2750 unamque

268 2754 492 2838 ruupublioem
519 2753 686 2819 sancienda
711 2758 740 2818 et
768 2754 805 2818 de
833 2773 894 2820 erue
919 2754 1026 2834 ipsius
1046 2773 1145 2820 causo
1166 2775 1238 2818 uou-

268 2842 344 2906 dum
364 2841 506 2907 duma.
1065 2847 1069 2857 '

426 3011 479 3079 (lix
498 3009 665 3080 autographo
682 3008 747 3064 Ccd.
767 3009 866 3064 Gener.
886 3007 945 3077 115,
963 3009 1008 3064 iol.
1027 3009 1080 3076 55.)

355 3181 489 3248 Eximio
510 3180 634 3248 (lhristi
655 3203 750 3247 servo
767 3180 811 3246 D.
831 3181 949 3248 Ioanni
970 3179 1109 3247 Calvino
1127 3180 1237 3246 Gene-

271 3269 382 3336 vensis
408 3267 563 3334 ecclesiae
590 3268 713 3350 pastori
733 3268 827 3333 fratri
848 3275 882 3332 et
910 3273 1114 3351 symmystae
1134 3265 1238 3351 pluri·

270 3375 361 3420 mum
381 3353 591 3420 observando.
984 3435 1151 3503 &enom

356 3606 392 3675 S.
426 3607 663 3690 Nescioquam
689 3609 726 3674 in
755 3609 951 3675 sententiam
972 3619 1107 3674 senatus
1128 3616 1239 3674 vestm

270 3714 360 3760 meas
385 3692 499 3760 literas
526 3694 760 3777 interpretatus
780 3693 824 3759 sit
841 3698 867 3772 ¹)
890 3703 948 3758 aut
975 3693 1054 3776 quid
1083 3712 1158 3758 cnm
1180 3694 1238 3758 illo

271 3779 386 3865 egeris.
430 3777 487 3846 Sic
508 3779 740 3864 responderam
760 3787 800 3845 ut
823 3778 1045 3859 intelligerent
1073 3779 1166 3843 nulla
1185 3800 1239 3844 me

292 3866 376 3931 remi
396 3867 588 3932 necessitate
609 3886 691 3948 quae
712 3885 787 3931 mea
807 3886 849 3931 ex
871 3874 965 3948 parte
986 3864 1160 3930 sollicitare
1182 3864 1238 3929 de-

268 3887 362 4017 leret
381 3949 423 4015 ad
443 3972 538 4035 opem
559 3951 796 4035 implorandam
817 3971 914 4034 quam
936 3949 1130 4016 offerebant:
1153 3951 1239 4032 quod

268 4047 381 4102 tamen
401 4037 546 4103 facturus
566 4036 694 4102 fueram
716 4037 744 4100 si
769 4038 815 4101 ita
835 4057 888 4101 res
909 4036 1098 4118 postularet
1142 4035 1238 4116 Quod

270 4123 307 4186 in
339 4129 432 4186 tuum
465 4124 576 4187 sinum
606 4121 800 4186 familiarius
828 4122 940 4186 omnia
968 4120 1078 4198 effudi,
1112 4142 1180 4186 non
1201 4142 1239 4186 eo

270 4208 436 4291 spectabat
456 4217 494 4272 ut
514 4207 576 4272 hoc
596 4213 744 4291 tempore
766 4207 942 4290 quidquam
965 4216 1109 4289 peterem
1128 4227 1147 4271 a
1169 4227 1239 4272 ves·

271 4294 331 4357 tris
352 4292 482 4370 auxilii,
511 4315 612 4376 quum
640 4314 707 4358 nou
729 4292 881 4358 deessent
906 4293 942 4356 in
969 4299 1122 4374 promptu
1143 4293 1239 4357 amici

271 4398 409 4460 quorum
431 4399 530 4462 opera
551 4381 657 4445 iuvari
678 4377 774 4444 facile
793 4398 930 4461 possem,
960 4380 987 4443 si
1017 4386 1085 4441 tam
1112 4378 1147 4440 in
1169 4399 1240 4442 are·

271 4472 343 4527 tum
371 4484 424 4529 res
452 4484 543 4528 meae
570 4465 805 4547 redigerentur.
851 4464 997 4541 Interea,
1026 4484 1128 4546 quum
1156 4464 1241 4527 nihil

271 4549 383 4614 minus
403 4562 635 4631 exspectarem,
658 4549 759 4632 legati
779 4550 883 4614 vestri
904 4548 969 4614 huc
980 4550 1104 4615 reversi
1117 4549 1241 4615 obtule-

273 4642 352 4698 runt
369 4638 410 4697 25
422 4655 514 4700 oscus
532 4635 609 4714 d’or,
629 4655 711 4717 quos
729 4644 763 4698 et
779 4636 923 4716 accipere
940 4655 1041 4716 quum
1057 4652 1242 4700 recusarem

273 4720 507 4801 compulerunt
551 4720 644 4802 Quae
673 4719 760 4785 certe
789 4741 900 4785 eorum
932 4718 1112 4785 liberalitas
1139 4721 1241 4784 nimio

272 4825 326 4870 me
351 4804 497 4888 perfudit
522 4805 649 4871 rubore.
694 4804 768 4872 Scis
796 4826 893 4889 quam
915 4826 981 4871 non
1009 4803 1148 4871 libenter
1175 4805 1241 4872 illis

272 4891 336 4956 sim
357 4891 457 4957 oneri
497 4891 569 4957 Iam
591 4892 763 4958 menimis
790 4912 903 4957 eorum
931 4892 1034 4975 pudet
1054 4911 1135 4974 quae
1163 4892 1241 4957 hao-

272 4983 370 5043 tenus
397 4978 515 5060 accepi.
557 4976 683 5042 Vereor
709 4985 879 5061 praeterea
908 4998 966 5056 ne,
1002 4978 1030 5042 si
1065 4977 1240 5056 remittam,

274 5179 404 5247 27601)
428 5182 493 5237 Vide
509 5181 549 5238 N.
565 5180 642 5250 atae,
664 5188 719 5237 not.
741 5185 766 5234 4.
804 5182 911 5238 Subest
930 5185 989 5252 spec
1012 5181 1144 5244 Galum
1166 5184 1243 5254 opud

274 5249 405 5305 85115555
419 5266 472 5319 pro
488 5267 519 5306 co
536 5253 696 5307 intecurrit.

1013 328 1274 410 uPlsuOLAu
1294 346 1503 409 ares-arar

2192 345 2250 406 ⁷00

1281 553 1348 597 non
1380 530 1456 596 boui
1487 528 1689 597 maculatur:
1723 531 1801 613 quia
1832 549 1897 594 non
1930 527 2044 594 dubito
2077 531 2158 613 quin
2194 527 2251 595 hoo

1281 618 1406 684 faciant
1426 639 1468 682 ex
1491 618 1609 681 animo.
1652 615 1736 681 Peto
1757 616 1860 700 igitur
1881 614 1935 681 hio
1958 624 2053 680 tunm
2074 614 2251 681 eonsilium

1282 703 1433 769 Scribam
1455 702 1498 767 ad
1519 722 1633 767 omnes
1653 722 1713 784 per
1733 701 1859 785 legatos
1880 699 2051 784 prolixius,
2074 720 2194 784 rogans
2215 722 2253 765 ne

1282 788 1368 855 tales
1388 809 1462 853 mea
1483 808 1581 854 causa
1602 795 1754 869 sumptus
1772 788 1901 852 faciant.

1370 875 1483 950 Porro,
1502 874 1580 956 quia
1595 874 1631 937 iu
1644 873 1843 937 mentionem
1861 871 2046 954 legatorum
2062 871 2174 951 incidi,
2191 893 2254 936 non

1284 971 1363 1044 puto
1391 980 1473 1041 opus
1502 980 1574 1024 esse
1601 968 1639 1023 ut
1667 956 1744 1041 quid
1777 957 1960 1023 audiverim
1988 958 2029 1023 de
2056 956 2188 1023 foedere
2216 959 2254 1022 ab

1284 1045 1398 1111 amicis
1416 1045 1471 1127 qui
1484 1045 1598 1109 Berua
1615 1044 1815 1126 seripserunt
1832 1044 1989 1126 prolixius
2007 1044 2159 1124 scribam,
2182 1044 2256 1125 quia

1285 1153 1352 1196 nou
1373 1130 1407 1194 id
1424 1152 1483 1195 vos
1504 1137 1583 1212 puto
1604 1131 1765 1212 ignorare.
1777 1131 1807 1212 2)
1840 1128 1963 1194 Omnia
1980 1140 2147 1195 transacta
2164 1140 2256 1194 erant

1284 1228 1416 1300 praeter
1437 1224 1536 1298 caput
1558 1215 1640 1280 illud
1662 1215 1703 1280 de
1724 1215 1927 1298 imponendis
1950 1214 2176 1299 vectigalibus.
2217 1215 2256 1278 In

1286 1302 1347 1369 hoc
1370 1303 1498 1365 fortiter
1519 1303 1678 1366 resistunt
1699 1300 1841 1380 diaoosii,
1864 1303 1921 1384 qui
1937 1321 2045 1383 nuper
2067 1300 2257 1385 cougregati

1286 1386 1505 1454 conditionem
1535 1386 1625 1451 illam
1654 1408 1754 1470 quam
1780 1388 1882 1452 vestri
1911 1399 2099 1470 proponunt
2126 1390 2256 1470 penitus

1286 1482 1488 1540 recusarunt.
1534 1472 1623 1554 Quid
1646 1483 1758 1555 postea
1779 1471 1934 1539 acciderit
1955 1474 2118 1539 incertum
2139 1484 2200 1538 est.

1371 1559 1480 1624 Causa
1507 1579 1579 1623 mea
1608 1579 1681 1624 cum
1714 1559 1834 1623 nostris
1866 1559 1996 1643 sepulta
2026 1559 2163 1635 iacebat,
2196 1558 2257 1623 nisi

1286 1665 1359 1709 eam
1381 1646 1591 1710 excitassem:
1615 1642 1672 1709 sed
1695 1646 1803 1711 nescio
1825 1665 1888 1726 quo
1910 1645 2019 1710 fructu
2041 1652 2074 1709 et
2096 1664 2256 1710 successu.

1287 1729 1395 1795 Audio
1418 1732 1480 1795 hac
1505 1728 1708 1795 hebdomade
1730 1739 1888 1795 venturos
1910 1730 1964 1796 hic
1991 1729 2119 1813 legatos
2142 1728 2257 1813 quibus

1287 1816 1460 1881 commissa
1489 1817 1552 1881 erit
1578 1836 1657 1880 cura
1685 1817 1795 1880 omnia
1823 1814 2052 1898 componendi,
2083 1813 2257 1880 admonitis

1287 1914 1398 1967 tammr
1421 1902 1575 1983 utrinque
1596 1901 1753 1982 partibus.
1791 1899 1877 1981 Quid
1900 1908 2090 1982 exspectare
2108 1916 2167 1964 aut
2188 1922 2257 1983 spe-

1288 2008 1362 2051 rare
1385 1986 1520 2051 debeam
1543 2007 1583 2050 ex
1613 2008 1651 2052 eo
1672 1985 1817 2051 maxime
1838 1987 1996 2052 coniicere
2017 2007 2153 2069 possum
2174 1985 2257 2068 quod

1288 2074 1417 2155 scripta,
1447 2083 1480 2137 et
1501 2091 1583 2155 quae
1606 2073 1757 2154 utrinque
1786 2081 1864 2137 sunt
1885 2071 2010 2137 obieeta
2031 2081 2065 2136 et
2092 2092 2257 2155 responsa,

1253 2213 1255 2218 .
1288 2179 1349 2223 neo
1370 2157 1455 2223 lecta
1476 2178 1537 2223 uec
1559 2156 1671 2222 audita
1691 2159 1792 2235 fuere,
1817 2158 1894 2241 quia
1914 2157 2015 2238 nimis
2036 2156 2168 2241 prolixa
2189 2158 2257 2221 visa

1289 2255 1376 2309 sunt.
1418 2242 1524 2324 Quale
1552 2243 1654 2326 igitur
1672 2244 1735 2308 erit
1752 2244 1792 2310 de
1820 2245 1934 2327 ignota
1955 2263 2053 2308 causa
2079 2241 2256 2308 iudicium?

1289 2329 1406 2394 Nescio
1428 2336 1516 2394 certe
1538 2327 1616 2411 quid
1643 2329 1710 2393 sint
1737 2329 1837 2413 legati
1863 2329 1897 2393 in
1919 2326 2084 2394 mandatis
2106 2328 2256 2406 habituri,

1289 2414 1347 2481 sed
1370 2436 1411 2480 ex
1433 2415 1474 2479 iis
1493 2435 1575 2498 qnae
1597 2413 1774 2480 subodoror
1802 2414 1938 2481 coniioio
1966 2414 2060 2480 facile
2083 2434 2149 2496 quo
2171 2435 2257 2498 speo-

1289 2508 1385 2565 tetur.
1439 2499 1512 2584 Ego
1545 2499 1666 2585 fungar
1698 2522 1770 2566 meo
1801 2521 1954 2578 munere,
1989 2521 2050 2566 neo
2083 2499 2257 2583 quidquam

1290 2587 1440 2651 omittam
1469 2585 1555 2668 qnod
1583 2607 1732 2651 mearum
1753 2587 1816 2651 erit
1836 2587 1990 2670 partium,
2018 2586 2048 2652 si
2072 2585 2171 2651 modo
2193 2586 2256 2651 Do-

1289 2672 1399 2737 minus
1428 2671 1635 2755 prudentiam
1667 2679 1702 2737 et
1734 2673 1942 2754 sapientiam,
1975 2672 2196 2737 constantiam
2226 2678 2256 2736 et

1288 2758 1513 2823 fortitudinem
1535 2756 1729 2840 suppeditet.
1773 2759 1824 2823 'ru
1846 2759 1947 2843 igitur
1974 2756 2069 2822 illum
2091 2758 2257 2823 nobiscum

1288 2851 1441 2927 precator
1462 2851 1499 2907 nt
1525 2863 1602 2908 suae
1624 2863 1740 2908 censae
1761 2853 1918 2926 patronus
1946 2841 2046 2921 adsit,
2076 2852 2114 2907 ut
2139 2849 2256 2927 quanto

1289 2931 1394 3013 magis
1421 2928 1592 2994 hominum
1620 2927 1782 2994 deseritur
1810 2928 1999 3013 patrocinio,
2029 2949 2068 2994 eo
2097 2929 2256 3012 potentins

1288 3014 1345 3079 ille
1367 3034 1460 3079 suam
1483 3015 1550 3080 rim
1572 3014 1607 3079 in
1630 3034 1668 3079 ea
1689 3015 1895 3097 procuranda
1916 3022 1950 3080 et
1977 3013 2101 3079 tuenda
2122 3022 2255 3080 exserat

1289 3097 1419 3166 Salutat
1441 3109 1474 3165 te
1495 3120 1579 3165 uxor
1602 3109 1637 3166 et
1656 3101 1722 3165 mei
1750 3120 1865 3166 omnes
1889 3100 2123 3167 amantissime.
2167 3099 2254 3165 Vale.

1288 3186 1486 3252 Lausannae
1509 3190 1559 3249 24.
1582 3186 1740 3252 Novemb.

1770 3324 1861 3389 'l'uus
1882 3323 2003 3389 Petrus
2026 3320 2174 3388 Viretns.

1666 3616 1868 3624 -.n—<—

1725 3867 1819 3939 2761.

1597 4023 1718 4089 Buta
1740 4021 1957 4089 OALVINO.

1378 4193 1531 4259 Pluribus
1548 4195 1614 4278 cpit
1634 4194 1671 4259 de
1698 4195 1899 4260 instructione
1918 4193 2028 4277 lupata
2051 4191 2254 4258 Helvetiorum

1290 4280 1367 4344 data
1388 4284 1415 4343 at
1436 4281 1471 4343 iu
1494 4300 1556 4344 uuo
1582 4280 1713 4345 articulo
1736 4300 1798 4362 pro
1830 4281 1975 4362 temporis
1997 4279 2175 4344 arcuatae
2194 4297 2254 4341 mu

1290 4370 1367 4442 teta,
1388 4369 1532 4448 ropatque
1564 4370 1599 4430 ut
1618 4365 1767 4431 Curinus
1788 4366 1856 4447 ipse
1876 4367 1946 4430 suia
1962 4363 2110 4446 partibus
2131 4384 2191 4429 uou
2210 4363 2254 4428 de·

1292 4451 1334 4515 eit
1358 4451 1394 4514 io
1422 4451 1477 4514 boo
1502 4452 1627 4534 repotia
1682 4452 1764 4516 Tum
1793 4451 1881 4517 addit
1909 4450 2062 4532 quedam
2089 4450 2128 4514 de
2163 4447 2254 4514 Vuae·

1291 4556 1388 4602 causo
1414 4536 1507 4601 aliter
1534 4541 1624 4618 atque
1650 4537 1718 4620 ipsc
1745 4536 1875 4602 uoluerit
1896 4555 2023 4618 scopum
2043 4554 2139 4600 asum
2156 4555 2254 4618 perse

1292 4622 1422 4704 quentis,
1443 4622 1515 4686 item
1537 4623 1574 4687 de
1599 4622 1737 4689 Gallcsd
1756 4622 1824 4704 filio
1844 4622 2063 4707 ppmuasr’asta.

1293 4793 1349 4856 (lix
1375 4792 1543 4861 autographo
1570 4792 1634 4846 Ood.
1663 4790 1833 4922 Geufv4bl2'l5
1851 4794 1895 4847 fol.
1917 4792 1958 4846 95.
1985 4819 2016 4828 -—
2045 4792 2141 4845 Edidit
2166 4793 2254 4845 Baum.

1394 5119 1424 5180 2)
1444 5120 1539 5176 Etiam
1561 5119 1595 5173 de
1618 5120 1666 5173 boc
1688 5120 1795 5186 nepetae
1817 5121 1849 5171 iu
1871 5117 2058 5188 mamutius
2074 5119 2132 5172 taur
2149 5116 2254 5170 dictam.

1295 5188 1336 5253 Of.
1354 5187 1464 5244 Ructat
1487 5186 1616 5242 111229.
1655 5187 1764 5242 Foedus
1788 5190 1878 5254 ipsura
1903 5186 2012 5242 tandem
2041 5201 2067 5240 a.
2090 5186 2118 5241 d.
2139 5184 2173 5242 V.
2189 5182 2257 5240 lau

1293 5258 1358 5312 Iau.
1378 5257 1445 5312 1558
1461 5259 1596 5313 mucium
1611 5257 1674 5323 fuit.
