4778 5888
162 304 225 365 365
1069 307 1149 367 1556
1169 314 1196 369 ἐ.
1220 302 1250 368 d.
1931 300 1934 305 ¹
2091 312 2152 374 366

160 511 205 555 an
231 489 390 573 reperiret
417 490 514 554 talem
544 491 740 556 sententiam
766 493 802 554 in
824 492 895 557 vita
915 492 977 566 Pii,
1001 501 1034 555 ct
1056 513 1130 575 pro·
1182 493 1279 557 faciet
1296 494 1389 558 vobis
1411 493 1542 568 malum,
1566 494 1650 577 quod
1673 496 1776 560 multa
1793 518 1866 561 cum
1889 497 2036 562 libertate
2058 499 2150 565 vobis

161 578 245 642 fecto
267 578 397 658 reperit.
442 574 508 640 Sed
535 577 603 658 ipse
626 577 717 660 Papa
738 576 819 641 Pius
842 576 969 641 dicebat
989 579 1051 642 hoe
1072 598 1131 661 per
1182 579 1387 660 scripsimus,
1427 588 1461 644 et
1497 583 1705 663 apperuimus
1748 582 1946 646 sententiam
1986 591 2147 650 nostram:

160 665 283 726 iocum:
307 661 391 743 quod
414 661 613 746 intelligeret
634 662 817 728 sacerdotes
840 663 1012 745 aliquando
1034 664 1130 727 nimis
1182 661 1333 728 videlicet
1364 677 1497 747 propter
1528 666 1770 746 importantiam
1803 669 1940 750 negotii,
1973 667 2056 750 quod
2090 691 2149 734 nos

160 747 365 810 familiariter
386 747 521 811 visitare
549 747 672 812 alienas
703 770 827 812 uxores.
873 749 917 812 Ilt
944 759 1030 814 certe
1052 770 1128 832 que·
1182 751 1278 812 etiam
1312 751 1454 834 attingit.
1497 750 1606 834 Igitur
1639 753 1830 833 praevenire
1859 754 2007 836 cupimus
2040 757 2149 820 omnia

160 833 249 896 relae
278 842 354 896 eunt
384 831 479 897 bodie
502 835 640 897 maiores
668 854 766 915 quam
795 853 938 916 unquam
968 833 1063 909 alias,
1097 844 1130 898 et
1180 835 1361 915 opprobria.
1385 856 1466 916 quae
1489 837 1578 901 vobis
1602 838 1671 900 fieri
1693 847 1838 920 possent:
1864 840 1948 903 sicut
1965 844 2061 903 etiam
2080 862 2147 904 me-

160 916 307 981 timenda
336 928 414 983 sunt
444 919 557 1001 gravia
586 919 753 998 scandala,
786 920 847 984 nisi
871 918 910 983 de
939 920 1022 983 bona
1050 920 1130 984 hora
1154 918 1156 920 ’
1179 918 1313 984 liusest.
1351 919 1446 1000 Quia
1466 930 1502 984 ut
1521 923 1619 997 scitis,
1639 935 1733 1004 turpe
1752 936 1801 988 cst
1819 925 1940 989 doctori
1960 947 2033 990 cum
2052 926 2147 1008 culpa

159 1002 379 1085 provideatur.
416 1002 570 1086 Optanda
588 1013 695 1068 autem
713 1016 764 1069 est
781 1005 856 1068 talis
872 1007 1023 1087 provisio,
1047 1026 1129 1088 quae
1179 1005 1348 1090 redarguit
1368 1008 1485 1089 ipsum.

159 1089 260 1154 faciat
282 1109 408 1153 cessare
429 1091 537 1154 omnia
561 1111 729 1153 murmura
752 1099 784 1153 et
806 1090 968 1167 scandala,
992 1101 1025 1153 et
1047 1112 1129 1173 quae
1264 1092 1303 1154 In
1334 1092 1464 1174 reliquis
1494 1112 1589 1155 nomo
1616 1106 1665 1158 est
1687 1093 1727 1156 ‹le
1753 1097 1911 1158 consortio
1941 1105 2059 1173 nostro,
2093 1096 2147 1178 qui

160 1175 258 1238 simul
280 1175 463 1240 libertatem
486 1176 565 1239 cleri
586 1185 763 1240 conservet.
800 1176 883 1240 Nam
903 1197 986 1257 quae
1009 1177 1129 1243 hucus—
1180 1197 1245 1240 non
1266 1179 1413 1260 apprime
1435 1176 1547 1241 laudet
1569 1178 1711 1243 laborem
1731 1192 1886 1257 vestrum,
1910 1190 1942 1243 et
1963 1181 2145 1245 ferventem

159 1260 348 1341 quefactae
371 1262 503 1325 fuerunt
531 1261 711 1342 superbae
734 1284 768 1326 re
795 1262 1049 1338 reformationes,
1073 1283 1128 1344 pa·
1179 1261 1282 1325 celum
1328 1283 1405 1346 erga
1448 1273 1594 1328 sanctam
1633 1265 1816 1328 Romanam
1856 1267 2039 1343 ecclesiam,
2084 1287 2146 1348 quo

158 1366 235 1408 rum
258 1357 344 1409 certe
362 1347 565 1428 profuerunt.
602 1346 752 1410 Nolimus
771 1358 877 1411 tamen
896 1346 1023 1410 admitti
1043 1347 1128 1430 quod
1179 1355 1345 1429 permotus
1369 1349 1447 1412 estis
1469 1348 1508 1412 ad
1533 1358 1640 1414 tantos
1659 1349 1784 1414 labores
1808 1350 2062 1433 supportandos:
2088 1373 2146 1417 nec

158 1452 180 1494 a
202 1431 338 1512 qtiodam
361 1434 559 1513 propositum
583 1432 681 1496 fuisse
703 1431 827 1509 dicunt,
858 1434 911 1514 qui
940 1441 1048 1497 tamen
1071 1454 1128 1497 ex·
1179 1430 1365 1498 dubitamus
1387 1436 1463 1516 quin
1488 1435 1515 1499 si
1539 1435 1618 1500 haec
1637 1436 1829 1518 pervenient
1852 1436 1890 1498 ad
1910 1456 2004 1501 aures
2026 1438 2145 1502 saucti-

159 1518 324 1580 istimatus
342 1517 405 1580 fuit
416 1517 512 1581 valde
530 1519 667 1599 sapiens.
705 1519 838 1600 Nempe,
861 1527 898 1582 ut
920 1527 1012 1583 tanta
1030 1540 1129 1582 onera
1179 1519 1257 1582 tatis
1290 1520 1499 1583 sacratissimi
1535 1520 1668 1583 Domini
1701 1523 1804 1585 nostri
1838 1522 1955 1604 Papae,
1990 1523 2058 1603 ipse
2089 1545 2147 1587 vos

158 1604 370 1682 imponantur
391 1602 600 1686 presbyteris,
624 1605 755 1679 curatis,
783 1605 939 1686 episcopis
961 1613 994 1667 et
1016 1625 1127 1668 mona·
1180 1613 1403 1686 recompenset
1428 1615 1460 1668 ct
1489 1605 1657 1687 provideat
1679 1605 1794 1684 adhuc,
1826 1617 1881 1670 aut
1909 1607 2147 1689 providendum

157 1687 239 1761 cbis,
264 1698 387 1751 utnon
410 1690 522 1752 veniat
543 1691 590 1752 eis
612 1690 647 1752 in
670 1691 858 1753 memoriam
882 1689 921 1753 de
946 1689 1127 1767 scortando,
1179 1700 1270 1752 curet
1292 1689 1331 1753 de
1354 1688 1459 1771 aliqua
1482 1690 1566 1754 bona
1587 1690 1730 1755 abbatia:
1760 1714 1796 1756 ac
1819 1690 1946 1756 tandem
1970 1693 2066 1757 faciat
2091 1714 2146 1758 vos

158 1785 198 1836 ut
229 1773 351 1837 scilicet
383 1774 509 1838 labores
538 1785 571 1838 et
602 1776 828 1857 occupationes
860 1776 927 1838 sint
959 1775 1005 1838 eis
1038 1776 1129 1839 velut
1178 1774 1461 1839 tribeneficiarium
1475 1776 1679 1858 teropimum.
1710 1777 1778 1840 Nec
1794 1778 1882 1840 enim
1901 1778 2024 1842 debetis
2042 1781 2146 1842 facere

157 1879 244 1941 aqua
266 1859 304 1922 ad
325 1861 583 1942 extinguendum
603 1861 709 1943 ignem
730 1882 834 1924 suum.
871 1860 993 1925 Sancta
1010 1862 1126 1938 Maria,
1178 1860 1365 1942 scrupulum
1396 1860 1435 1924 de
1464 1863 1540 1938 hoc,
1570 1860 1719 1944 quicquid
1750 1862 1928 1927 reclament
1956 1875 1987 1926 ct
2017 1875 2144 1927 contra·
2232 1882 2237 1896 ²

156 1944 238 2026 quid
259 1944 356 2010 faciet
377 1965 499 2026 pauper
521 1946 640 2021 clenis,
669 1947 696 2010 si
724 1947 770 2009 ita
792 1945 833 2009 ab
855 1947 1005 2010 omnibus
1027 1949 1126 2029 parti·
1178 1944 1289 2010 dicant
1317 1947 1370 2010 isti
1393 1947 1557 2013 maledicti
1587 1948 1801 2022 schismatici,
1834 1950 1888 2029 qui
1918 1949 2080 2031 ganniunt
2106 1949 2146 2013 de

156 2029 222 2095 bus
244 2030 439 2095 invadetur?
475 2031 592 2096 Nonne
618 2033 682 2094 iam
711 2033 789 2095 satis
818 2031 916 2096 habet
937 2052 1073 2107 onerum
1095 2046 1128 2096 et
1178 2031 1218 2094 iis
1241 2029 1418 2113 dequibus
1444 2053 1551 2115 neque
1579 2034 1797 2114 provisionem
1821 2055 1924 2115 nequo
1947 2035 2146 2116 gavisionem

156 2116 461 2180 incommodorum?
498 2116 564 2181 Sed
583 2128 670 2181 certe
688 2116 775 2180 illius
798 2121 960 2181 sententia
977 2139 1043 2182 non
1066 2117 1128 2181 fuit
1178 2126 1354 2181 noverunt:
1375 2128 1407 2180 et
1424 2117 1603 2199 loquuntur
1621 2119 1660 2182 dc
1680 2119 1845 2183 beneficiis
1863 2129 2018 2201 tanquam
2038 2121 2146 2185 elerici

156 2200 254 2265 valde
276 2203 423 2284 sapiens:
447 2203 523 2283 quia
544 2224 625 2284 opus
647 2211 697 2267 est
719 2202 814 2286 longe
837 2203 899 2265 alio
921 2203 1063 2267 remedio
1086 2203 1127 2267 ad
1178 2201 1218 2265 de
1240 2205 1354 2265 armis:
1378 2212 1461 2266 state
1484 2223 1561 2285 ergo
1579 2205 1665 2267 firmi
1687 2206 1719 2267 in
1738 2204 1889 2286 opinione
1909 2214 2024 2269 vestra.
2060 2205 2141 2269 Nam

155 2287 257 2350 talem
279 2288 388 2370 ignem
413 2288 684 2371 extinguendum,
706 2289 761 2371 qui
783 2288 896 2352 haeret
917 2309 980 2352 non
1003 2291 1036 2352 in
1058 2310 1126 2353 me·
1177 2288 1203 2350 si
1234 2289 1291 2351 fiet
1319 2299 1357 2351 ut
1388 2299 1547 2372 augeatur
1576 2312 1730 2353 uumerus
1759 2291 1987 2354 beneficiorum
2016 2302 2141 2354 vestro·

155 2371 255 2436 dullis
277 2381 407 2436 tantum
430 2374 582 2456 corporis,
605 2373 660 2436 sed
683 2376 717 2436 in
736 2374 843 2438 animo
866 2375 944 2457 ipso.
981 2373 1075 2452 Quod
1098 2375 1125 2440 si
1178 2393 1266 2437 rum:
1301 2383 1334 2436 ct
1366 2375 1393 2438 si
1421 2394 1486 2438 non
1509 2374 1716 2456 provideatur
1746 2376 1838 2439 vobis
1872 2376 1961 2457 (quia
1992 2376 2055 2438 iam
2085 2375 2141 2439 ad·

155 2459 269 2540 magni
299 2457 424 2522 labores
451 2460 560 2541 ipsum
589 2461 833 2543 extinguerent,
867 2459 1009 2541 profecto
1039 2460 1124 2543 agri-
1177 2459 1368 2539 proximatis
1391 2459 1432 2522 ad
1461 2460 1638 2535 tumulum)
1662 2461 1774 2523 saltem
1798 2461 1858 2524 erit
1882 2482 1939 2542 pro
1968 2461 2141 2541 nepotibus

155 2544 255 2621 colae,
288 2545 427 2626 operarii
460 2555 493 2608 et
524 2545 635 2618 baiuli,
668 2545 724 2626 qui
754 2552 845 2609 tanta
878 2546 988 2610 ferunt
1016 2566 1125 2624 onera,
1177 2554 1232 2607 aut
1265 2547 1412 2628 cognatis
1443 2547 1570 2610 vestris.
1618 2546 1686 2609 Nee
1719 2547 1860 2627 profecto
1895 2567 2036 2628 unquam
2071 2545 2140 2609 dari

154 2638 268 2692 essent
288 2651 400 2694 omnes
422 2632 512 2694 casti.
549 2631 594 2694 Et
616 2641 725 2694 tamen
744 2631 892 2695 videmus
914 2634 1122 2696 contrarium.
1176 2641 1284 2712 potest
1306 2628 1396 2694 vobis
1425 2640 1480 2694 aut
1508 2632 1625 2695 vestris
1650 2632 1729 2694 satis
1759 2630 1858 2714 digna
1887 2633 2140 2713 recompensatio

154 2714 307 2779 Profecto
330 2714 514 2780 debueratis
543 2715 664 2798 aliquid
692 2716 798 2781 dicere
826 2716 865 2780 do
893 2717 955 2781 hac
976 2718 1124 2795 materia,
1175 2735 1234 2796 pro
1256 2725 1346 2779 tanto
1368 2737 1473 2798 opere.
1511 2714 1606 2795 Quod
1631 2718 1656 2780 si
1676 2716 1759 2780 nihil
1781 2716 1868 2779 aliud
1893 2716 2064 2793 haberetis,
2084 2736 2142 2781 vos

155 2812 190 2864 et
210 2801 352 2864 refutare
374 2800 446 2866 illos
464 2801 520 2883 qui
538 2800 652 2865 dicunt
669 2824 728 2866 nos
750 2812 903 2884 reputare
925 2802 1123 2867 adulterium
1149 2793 1152 2878 l
1177 2810 1284 2864 temen
1317 2802 1521 2883 reportabitis
1554 2802 1670 2866 bonam
1706 2803 1824 2865 famam
1857 2804 1889 2865 iu
1923 2802 2140 2884 sepulchrum.

154 2887 243 2949 inter
270 2886 357 2951 levia
378 2906 523 2968 peccata,
553 2900 585 2951 et
613 2886 719 2953 facere
746 2898 913 2971 peccatum
936 2888 1061 2952 veniale
1084 2888 1123 2951 de
1177 2885 1385 2969 Quapropter
1413 2908 1472 2951 vos
1502 2886 1625 2952 debetis
1652 2887 1772 2952 habere
1798 2909 1953 2970 magnum
1983 2887 2141 2970 gaudium

154 2971 368 3035 fornicatione
400 2972 675 3055 presbyterorum.
712 2974 888 3038 Enimvero
910 2973 951 3037 de
972 2973 1124 3038 facultate
1176 2983 1209 3035 et
1241 2972 1439 3036 indicibilem
1472 2973 1740 3050 consolationem,
1780 2973 1864 3055 quod
1904 2982 1971 3037 tam
2004 2972 2142 3037 feliciter

155 3066 261 3122 matre
282 3073 398 3136 vestra,
421 3069 455 3122 et
473 3057 684 3136 deSorbona,
707 3081 790 3140 quac
801 3059 947 3142 graviter
969 3059 1124 3124 iniuriata
1174 3058 1347 3140 potueritis
1368 3056 1544 3140 perducere
1566 3067 1693 3122 tantum
1716 3080 1796 3141 opus
1818 3059 1857 3122 ad
1880 3058 1991 3135 finem,
2021 3069 2052 3122 ct
2074 3059 2141 3122 vic-

154 3142 218 3206 fuit
245 3141 285 3206 ab
313 3142 368 3207 illo
397 3142 641 3220 haeresiarcha,
670 3145 828 3209 videmini
858 3166 971 3226 parum
1000 3165 1122 3210 curare.
1175 3144 1314 3207 toriosus
1332 3165 1402 3208 esse
1424 3143 1464 3207 de
1483 3142 1548 3208 illis
1566 3143 1741 3219 maledicis,
1763 3143 1828 3207 illis
1851 3142 1982 3208 ribaldis
2004 3153 2035 3206 ot
2059 3145 2139 3207 zina-

153 3227 321 3310 Exiguam
351 3229 438 3293 enim
466 3231 663 3294 mentionem
692 3231 761 3295 eius
789 3230 904 3295 facitis.
942 3232 985 3294 Et
1014 3240 1122 3295 tamen
1175 3228 1362 3306 uiatoribus,
1386 3231 1441 3310 qui
1464 3230 1532 3293 suis
1544 3228 1714 3294 malevolis
1735 3230 1941 3311 improperiis
1963 3237 2140 3293 tormenta-

153 3314 228 3412 ipsa
250 3334 308 3378 vos
331 3315 415 3378 aluit
435 3315 469 3378 in
488 3316 612 3398 gremio
635 3337 693 3380 suo
715 3329 748 3380 et
769 3318 933 3381 instruxit.
970 3316 1038 3380 Nec
1060 3316 1124 3379 for·
1148 3330 1151 3413 j
1174 3329 1290 3378 verant
1308 3315 1447 3396 turpiter
1464 3323 1663 3379 senectutem
1676 3324 1828 3379 vestram.
1863 3314 2140 3393 Osanctamaria,

154 3407 243 3463 sitan
261 3398 424 3464 haberetis
441 3399 536 3465 hodie
554 3403 650 3464 istam
669 3403 811 3480 mitram,
829 3403 892 3466 nisi
914 3402 983 3483 ipsa
1002 3402 1123 3482 pileum
1175 3421 1193 3462 o
1216 3412 1321 3465 mater
1343 3400 1416 3477 Dei,
1439 3421 1458 3463 o
1481 3400 1565 3464 bona
1586 3400 1737 3476 Domina,
1762 3399 1897 3464 defende
1920 3421 1987 3478 nos,
2011 3399 2141 3464 vindica

155 3485 244 3549 vobis
271 3484 421 3550 dedisset.
464 3487 509 3549 Et
536 3501 644 3550 tamen
675 3487 763 3552 aelus
784 3507 940 3570 personae
962 3496 995 3550 et
1017 3487 1123 3571 digni·
1176 3507 1243 3563 nos,
1274 3485 1437 3550 intercede
1467 3507 1523 3568 pro
1552 3486 1652 3551 nobis.
1688 3485 1755 3550 Nos
1783 3486 1926 3567 profecto
1955 3486 2142 3567 saepissime
2229 3553 2232 3562 ,

153 3572 233 3633 tatis
257 3579 383 3636 vestrae
404 3572 510 3654 magis
531 3593 591 3636 vos
612 3572 759 3649 comedit,
782 3594 878 3655 quam
900 3571 988 3637 zelus
1010 3572 1124 3636 domus
1174 3572 1307 3636 fecimus
1335 3593 1393 3654 pro
1416 3571 1506 3636 vobis
1534 3593 1655 3656 preces,
1683 3592 1783 3654 quum
1813 3572 1968 3635 sciremus
1990 3593 2048 3636 vos
2070 3593 2142 3635 esse

153 3657 271 3720 matris
294 3670 428 3721 vestrae.
463 3657 581 3722 Videte
603 3679 690 3742 ergo,
721 3680 779 3740 pro
802 3659 924 3722 honore
947 3670 1065 3735 vestro,
1089 3668 1124 3722 ut
1149 3632 1151 3701 l
1174 3658 1207 3721 in
1232 3659 1331 3721 tantis
1349 3657 1538 3722 sudoribus:
1562 3669 1596 3721 et
1613 3657 1748 3722 dicendo
1766 3657 1964 3722 breviarium
1984 3664 2140 3735 nostrum,

154 3741 277 3823 aliquid
298 3762 357 3824 pro
379 3744 450 3826 ipsa
472 3743 606 3808 addatis.
1175 3763 1302 3825 semper
1330 3764 1459 3806 eramus
1480 3743 1583 3807 vestri
1607 3764 1782 3807 memores:
1814 3753 1847 3806 et
1875 3742 1973 3805 ctiam
2001 3742 2099 3824 aliqui
2123 3762 2141 3806 e

242 3826 417 3892 Caeterum
450 3850 507 3893 vos
547 3830 709 3912 accipietis
749 3829 812 3893 ista
845 3829 884 3893 de
915 3829 1031 3912 quibus
1065 3850 1124 3894 vos
1175 3830 1293 3893 nostris
1333 3830 1459 3911 quoties
1497 3827 1648 3894 dicebant
1678 3829 1829 3906 Missam,
1870 3828 2035 3892 habebant
2084 3848 2140 3890 vos

154 3934 327 3978 monemus
349 3916 383 3977 in
405 3915 523 3978 bonam
545 3924 682 3997 partem,
712 3915 787 3997 quia
809 3916 1000 3980 tenebamur
1021 3915 1053 3979 id
1077 3916 1123 3978 fa·
1174 3914 1268 3978 valde
1291 3912 1494 3995 profunditer
1516 3915 1550 3977 in
1572 3935 1629 3977 suo
1652 3924 1824 3978 memento.
1867 3912 2018 3977 Videmus
2041 3914 2138 3975 ctiam

154 4019 238 4072 cere,
268 3999 365 4063 etiam
395 4000 422 4064 si
446 4022 503 4065 vos
526 4023 591 4064 non
620 4001 828 4083 rogavissetis
851 4023 918 4065 nos.
954 4000 1019 4066 Sed
1048 4001 1122 4065 feci·
1174 4000 1257 4082 quod
1281 3998 1373 4064 Deus
1393 4021 1451 4081 pro
1474 4008 1566 4082 parte
1588 4019 1649 4063 nos
1671 3998 1848 4076 exaudivit,
1871 4014 1904 4062 et
1926 3998 2020 4062 beata
2038 3999 2140 4080 Virgo

154 4106 229 4148 mus
251 4088 363 4167 rogati,
394 4094 427 4150 et
448 4085 581 4169 obligati
604 4085 644 4150 ad
668 4085 699 4149 id
727 4086 919 4151 faciendum.
956 4086 1044 4152 Satis
1067 4108 1122 4149 no·
1175 4107 1234 4150 nec
1253 4107 1317 4149 non
1336 4087 1438 4149 sancti
1459 4096 1493 4148 et
1510 4082 1913 4150 sanctacvosmiraculose
1932 4082 2139 4146 adiuverunt.

155 4170 249 4234 vistis
272 4169 473 4254 legalitatem
492 4185 524 4235 et
545 4171 796 4236 rondibilitatem
816 4194 879 4255 qua
897 4173 1020 4237 utimur
1037 4172 1125 4236 inter
1174 4172 1309 4236 Certum
1334 4170 1489 4252 estquod
1514 4192 1571 4233 vos
1598 4171 1675 4235 estis
1699 4171 1810 4246 victor,
1840 4181 1873 4232 et
1894 4167 1978 4251 quod
2006 4189 2139 4249 campus

154 4275 225 4331 nos,
248 4278 330 4337 quae
348 4256 450 4337 pluris
473 4266 522 4320 est
539 4279 637 4341 quam
656 4258 859 4322 familiaritas
881 4259 981 4323 totius
1000 4257 1122 4321 mundi.
1174 4256 1256 4321 liber
1278 4256 1369 4322 vobis
1391 4256 1580 4320 remanebit.
1617 4255 1690 4319 Non
1713 4256 1865 4318 timemus
1884 4254 2033 4336 amplius,
2057 4254 2139 4317 sicut

154 4342 308 4406 Forsitan
343 4343 518 4406 invenietis
548 4344 583 4406 in
618 4364 770 4425 responso
799 4353 909 4408 nostro
939 4343 1122 4425 plaeraqne,
1173 4343 1279 4424 prius,
1313 4363 1353 4406 ne
1379 4344 1450 4423 quis
1471 4341 1563 4406 vobis
1593 4340 1791 4422 respondeat,
1838 4339 1926 4419 Quia
1957 4338 2139 4404 occlusistis

154 4449 238 4509 quae
259 4448 318 4490 vos
345 4441 441 4492 antea
471 4449 536 4492 non
561 4428 788 4493 advertebatis.
826 4428 892 4494 Sed
915 4431 989 4510 plus
1010 4428 1124 4492 vident
1172 4429 1253 4509 ipsis
1274 4449 1309 4493 os
1331 4449 1436 4502 suum,
1466 4448 1526 4491 nec
1555 4427 1721 4491 habebunt
1747 4445 1878 4508 prorsus
1906 4423 1983 4506 quid
2016 4424 2140 4505 possint

153 4512 239 4577 oculi
252 4534 348 4595 quam
361 4514 482 4578 oculus.
518 4514 562 4578 Et
582 4515 654 4578 ideo
675 4517 777 4598 magis
796 4513 834 4580 de
853 4536 952 4598 prope
970 4515 1122 4580 observa·
1173 4513 1375 4596 respondere.
1416 4511 1624 4595 Quapropter
1652 4511 1732 4576 nihil
1763 4521 1863 4575 restat
1891 4510 2047 4592 amplius,
2075 4511 2138 4574 nisi

154 4599 278 4676 vimus,
306 4599 383 4681 quia
409 4599 536 4663 habetis
565 4601 731 4684 negotium
757 4622 830 4666 cum
853 4621 918 4664 uno
941 4598 981 4665 de
1004 4602 1121 4665 acutis·
1172 4610 1209 4665 ut
1230 4599 1366 4682 posthac
1388 4599 1570 4680 quiescatis,
1600 4609 1633 4661 et
1661 4597 1861 4681 refrigeretis
1887 4615 1945 4678 pro
1967 4616 2034 4660 una
2055 4595 2140 4660 bona

153 4684 246 4748 simis
267 4685 413 4748 omnium
436 4685 688 4763 haereticorum,
720 4689 775 4769 qui
799 4688 931 4751 tametsi
953 4687 1122 4768 corrigatis
1171 4687 1244 4751 vice
1267 4687 1399 4767 spiritus
1423 4694 1554 4748 vestros.
1592 4682 1680 4763 Quia
1706 4683 1739 4747 in
1763 4682 1812 4746 rei
1836 4682 1973 4745 veritate
2000 4681 2137 4744 nimium

153 4770 212 4833 illa
241 4769 280 4833 de
309 4768 426 4852 quibus
448 4791 506 4834 vos
528 4791 707 4849 monemus,
738 4782 847 4836 tamen
869 4772 949 4836 adeo
971 4779 1021 4836 est
1047 4773 1123 4836 sub·
1172 4771 1376 4836 incaluerant
1397 4781 1430 4834 et
1459 4789 1525 4833 non
1548 4768 1716 4851 oportebat
1737 4768 1802 4832 nisi
1831 4787 1946 4849 parum
1969 4765 2076 4830 adhuc
2098 4764 2139 4830 ad

153 4855 233 4930 tilis,
256 4866 291 4919 ut
314 4854 407 4938 plura
430 4855 536 4921 adhuc
558 4858 754 4923 inventurus
776 4860 826 4934 sit,
856 4858 895 4922 de
918 4858 1033 4939 quibus
1056 4878 1122 4921 non
1172 4856 1411 4939 exportandum
1440 4876 1498 4921 vos
1527 4856 1562 4918 in
1590 4854 1728 4919 alterum
1757 4852 1926 4918 mundum.
1963 4852 2036 4916 Non
2060 4851 2139 4917 estis

153 4942 324 5025 putaretis.
361 4942 407 5004 Et
436 4941 551 5006 deindo
580 4965 636 5008 vos
666 4964 731 5008 non
765 4943 869 5008 solum
895 4943 981 5025 apud
1013 4941 1123 5008 doctos
1172 4943 1260 5007 enim
1287 4941 1427 5025 amplius
1456 4941 1540 5006 sicut
1567 4939 1644 5005 olim
1673 4939 1791 5004 fuistis.
1838 4937 1924 5018 Quia
1946 4958 2035 5002 nunc
2062 4939 2138 5002 estis

152 5029 257 5103 viros,
287 5027 344 5091 sed
366 5027 465 5091 etiam
488 5026 573 5109 apud
596 5029 749 5093 mulieres
770 5036 804 5094 et
825 5048 942 5112 pueros
964 5027 1121 5093 traducet.
1173 5026 1268 5095 Sicut
1293 5029 1386 5092 fortis
1414 5047 1515 5110 equus
1542 5028 1647 5109 spatio
1667 5026 1723 5109 qui
1755 5025 1838 5088 forte
1871 5043 2022 5106 supremo
2049 5020 2139 5086 Vicit

152 5116 206 5177 Ita
229 5111 409 5177 cavendum
431 5123 481 5176 est
502 5135 542 5177 ne
565 5115 623 5178 fiat
643 5114 803 5179 traductio
826 5113 1046 5190 traductionis,
1068 5114 1121 5179 vel
1172 5114 1326 5197 olympia,
1348 5134 1435 5178 nunc
1456 5113 1547 5177 senio
1569 5110 1734 5178 confectus
1752 5108 1896 5193 quiescit.
1931 5109 2030 5173 Libet
2051 5109 2137 5171 onim

152 5221 195 5265 no
223 5197 383 5265 traductio
405 5214 514 5264 vestra
536 5220 570 5264 se
600 5201 735 5287 ipsum*
768 5199 926 5267 traducat.
962 5200 1013 5265 Ne
1044 5220 1121 5284 ergo
1172 5201 1220 5263 nti
1243 5200 1295 5264 his
1317 5198 1531 5277 carminibus,
1560 5205 1598 5261 ut
1618 5195 1828 5262 ostendamus
1849 5202 2007 5278 qnantum
2030 5202 2139 5260 vestra
