4688 5910
91 315 159 376 666
240 285 246 295 “
944 314 1025 379 iser
1047 311 1272 381 66666666.
1688 282 1694 291 ’
1989 395 1994 407 .
2047 302 2115 381 eto
2238 266 2242 276 ‘

89 519 256 585 germano
278 508 358 565 natu
380 500 525 580 minimo,
555 502 650 568 D.G
728 500 895 581 ‘,deoem
914 523 1077 568 annorum
1130 509 1225 565 66666
1254 508 1387 567 senatus
1418 500 1597 567 Berneneis
1631 501 1821 580 autoritate,
1855 522 1938 585 quae
1971 501 2112 587 indigna

89 605 212 669 puero,
242 585 509 668 coniungendum
536 609 686 655 oommen
709 589 828 653 ationis
849 597 926 654 6666
947 589 1078 654 nomine
1129 585 1318 652 iudiearunt
1357 586 1475 669 661666
1511 586 1743 670 responderem
1772 593 1878 653 666666
1909 588 1951 654 66
1983 607 2112 657 musas.

89 672 316 738 oonsenserit:
340 671 387 737 sio
409 683 446 736 ut
467 673 537 738 fore
554 695 749 757 persuasum
770 681 820 738 est
841 673 951 757 utqui
973 682 1078 739 aetate
1130 670 1318 754 Supersunt
1342 693 1400 738 sex
1428 672 1468 736 ad
1507 692 1589 755 quae
1617 672 1739 755 6661666
1767 672 1928 756 66666611.
1943 676 1968 753 ¹)
2019 672 2112 741 Iussi

89 778 190 824 nuno
211 757 280 823 fere
299 777 394 840 pares
425 757 556 840 pietatis
585 781 628 843 66
671 781 713 824 66
734 759 852 825 6661116
873 780 942 824 666
958 759 1079 825 imbuti
1130 767 1208 822 sunt
1235 757 1427 837 6166666611,
1453 757 1481 823 61
1508 778 1574 822 666
1610 758 1790 824 6666166166
1820 780 1895 824 mea
1929 761 2110 843 responsio,

91 841 237 909 Christo
259 850 371 909 nostro
383 843 576 924 ooalesoant,
589 855 645 909 tan
669 865 784 928 emque
807 845 871 910 Doi
893 843 1078 928 OptMax.
1131 851 1232 908 testes
1260 841 1448 926 produoere,
1478 843 1535 909 sed
1558 844 1647 908 viros
1675 842 1776 909 bonos
1803 864 1842 910 ao
1869 844 2006 911 66161666
2035 866 2110 911 sus·

92 948 239 994 munere
269 929 304 992 in
334 928 422 994 viros
451 930 573 995 familia
602 953 662 997 sua
691 930 808 1014 dignos
829 929 981 995 evadant.
1027 930 1079 996 Ad
1131 936 1250 1011 peotes,
1280 927 1398 1013 quibus
1425 948 1500 995 suas
1527 929 1703 1012 probarent
1730 929 1961 996 aeonsationes.
2010 928 2112 997 Com·

94 1013 228 1096 reliqua
258 1013 344 1097 qnod
374 1015 495 1079 attinet
534 1014 765 1083 benevolentia
793 1026 908 1082 nostra
934 1017 1080 1100 puellum
1131 1015 1315 1079 munitatae
1341 1025 1419 1079 sunt
1451 1035 1542 1080 meae
1578 1016 1816 1098 responsiones,
1840 1017 1957 1099 quibus
1985 1016 2108 1100 seripto

95 1121 202 1182 quam
230 1098 462 1184 benignissime
496 1122 737 1184 prosequemur,
768 1122 873 1184 neque
902 1100 1080 1184 quidquam
1131 1108 1354 1183 opposuerunt
1381 1098 1466 1182 quod
1501 1099 1606 1177 libuit,
1636 1100 1738 1165 nullis
1765 1099 1931 1184 produotis
1959 1102 2107 1168 testibus.

95 1183 192 1268 quod
212 1182 254 1250 ad
282 1185 460 1251 fovendum
482 1188 639 1253 tuendum
662 1185 886 1253 ornandumve
909 1208 984 1253 eum
1007 1208 1081 1269 per·
1131 1185 1204 1269 Ego
1226 1207 1356 1250 rursum
1387 1206 1499 1250 eorum
1530 1184 1620 1250 diluo
1648 1186 1840 1252 calumnias.
1881 1187 1989 1253 Multa
2020 1185 2111 1254 ultro

99 1270 222 1336 tinebit
248 1272 512 1338 intermittemus.
562 1273 714 1355 Quodsi
743 1275 780 1337 16
806 1272 984 1338 6661661666
1009 1274 1079 1338 ani·
1132 1272 1275 1353 nitroque
1305 1268 1392 1337 11666
1417 1278 1451 1336 66
1478 1271 1600 1353 scripta
1628 1280 1715 1336 sunt.
1759 1273 1852 1337 Beue
1878 1273 1995 1340 habuit
2022 1272 2110 1355 quod

100 1377 194 1421 mum
224 1357 551 1440 benevolentiamque
580 1380 659 1442 erga
691 1368 725 1424 te
757 1368 903 1423 nostram
937 1359 1081 1440 experiri
1131 1357 1257 1440 legatos
1279 1367 1312 1422 et
1334 1354 1497 1422 auditores
1526 1356 1700 1422 habuimus
1722 1358 1976 1440 patientissimos
1997 1368 2031 1425 et
2051 1360 2108 1425 bo·

101 1442 282 1524 aliquando
312 1445 421 1507 visum
458 1444 566 1524 fuerit,
600 1446 721 1511 senties
747 1443 832 1508 nibil
860 1465 1081 1526 eorumquae
1133 1463 1195 1508 nae
1217 1461 1333 1509 oausoe
1355 1442 1634 1525 exquisitissimos,
1652 1441 1692 1507 de
1715 1442 1831 1526 quibus
1849 1465 1913 1509 non
1936 1445 2000 1510 nisi
2021 1445 2110 1510 iusta

103 1527 158 1593 661
182 1529 289 1592 616666
313 1529 363 1593 661
381 1528 527 1611 probitas
549 1540 607 1594 tua
628 1531 843 1613 postulaverit
865 1551 885 1592 6
907 1530 1000 1595 66616
1023 1531 1081 1594 6161
1132 1536 1165 1592 66
1187 1548 1290 1610 aequa
1317 1548 1422 1611 spero.
1466 1527 1564 1593 Nune
1593 1529 1686 1593 nobis
1715 1530 1870 1611 utrinque
1899 1530 2020 1595 auditis
2042 1530 2109 1595 iam

105 1613 302 1697 denegatum
321 1615 370 1678 iri.
411 1615 496 1679 Vale
519 1615 665 1693 felioiter,
689 1615 758 1695 tibi,
781 1617 846 1681 tuis
867 1615 1081 1681 ehristianae·
1132 1621 1283 1696 superest
1316 1623 1352 1677 66
1392 1623 1510 1678 666666
1542 1612 1583 1677 61
1616 1622 1767 1679 senatum
1800 1615 1993 1694 referantur,
2016 1616 2110 1682 ouius

103 1720 168 1783 que
198 1698 395 1782 reipublieae
423 1721 520 1783 quam
548 1702 734 1767 diutissime
763 1713 938 1784 superstes.
991 1703 1081 1767 Mar·
1133 1708 1359 1781 exspeotamus
1388 1699 1595 1764 sententiam.
1652 1698 1719 1764 Det
1756 1700 1919 1765 Dominus
1956 1700 2110 1784 spiritum

105 1786 202 1869 purgi
226 1784 639 1852 606106666661666
667 1793 755 1851 1557.
1133 1785 1312 1867 6661666166
1335 1792 1371 1851 ,et
1399 1784 1525 1850 66661111
1555 1796 1593 1849 66
1622 1784 1706 1867 6661
1729 1785 1854 1850 iustum
1881 1794 1932 1853 est
1952 1785 2108 1852 iudieent.

1133 1871 1184 1935 ’116
1213 1871 1383 1935 nobiseum
1412 1891 1470 1934 666
1494 1868 1673 1934 Dominum
1698 1882 1731 1935 et
1759 1870 1845 1935 hano
1872 1891 2003 1937 oausam
2025 1873 2108 1937 ami·

1132 1977 1245 2022 eorum
1266 1953 1492 2022 oommendnto
1514 1954 1672 2039 preoibus.

1219 2041 1257 2107 Si
1275 2041 1355 2124 quid
1366 2040 1468 2106 habes
1490 2041 1529 2105 de
1541 2040 1760 2107 Parrhisiensi
1772 2040 1919 2120 euoleeia,
1942 2050 1999 2107 aut
2016 2042 2107 2109 aliud

1133 2125 1256 2210 aliquid
1299 2125 1386 2209 quod
1434 2136 1547 2191 nostra
1590 2148 1649 2192 666
1695 2127 1778 2192 66166
1819 2129 1958 2209 referat,
2001 2129 2105 2213 signi-

495 2233 699 2244 ·--
1133 2214 1237 2278 116666.
1288 2210 1341 2276 De
1370 2212 1467 2277 rebus
1499 2213 1612 2277 vestris
1640 2212 1734 2276 etde
1763 2234 1821 2296 spe
1845 2212 1982 2278 foederis
2011 2216 2108 2298 66616

1133 2317 1337 2381 6666666666,
1360 2297 1389 2362 si
1411 2318 1508 2381 quam
1536 2298 1663 2364 habetis
1685 2297 1813 2376 bonam,
1838 2301 1921 2365 etsi
1943 2299 2020 2382 6611
2042 2300 2109 2366 iam

1133 2385 1316 2450 oonieotum
1338 2391 1396 2448 est.

550 2487 646 2556 2725,
1219 2469 1281 2534 Est
1302 2468 1356 2532 1616
1378 2468 1464 2553 66661
1485 2490 1543 2534 666
1564 2468 1814 2552 pharmaoopola
1833 2468 1965 2552 quidam
1988 2490 2110 2536 66666-

1134 2556 1194 2634 166,
1217 2556 1271 2620 661
1296 2575 1415 2619 nomeu
1446 2564 1496 2619 est
1517 2555 1655 2620 1666666
1684 2555 1711 2620 le
1736 2553 1904 2638 0661666666,
1926 2556 2009 2622 mihi
2030 2557 2109 2623 hao-

376 2642 578 2708 VIRE'PUS
596 2641 809 2708 OALVINO.
1134 2649 1232 2705 tenus
1256 2642 1398 2723 ignotus.
1444 2640 1551 2704 Multa
1573 2641 1656 2705 mihi
1690 2642 1838 2706 66666616
1870 2640 1910 2707 16
1932 2642 2002 2708 6616
2023 2641 2110 2708 6616-

1134 2726 1311 2803 mitatibus,
1333 2726 1370 2789 16
1392 2726 1509 2809 661666
1526 2727 1612 2793 6666
1631 2726 1753 2792 16611666
1774 2727 2002 2810 gravissimam
2024 2728 2110 2811 quod

195 2816 318 2879 Narrat
347 2816 419 2896 6616
445 2831 559 2879 wotene
587 2832 664 2877 6666
692 2834 731 2878 ex
758 2816 892 2880 66166666
913 2817 1083 2899 leprarum
1134 2834 1153 2876 a
1178 2818 1287 2877 vestra
1307 2811 1443 2877 66616616
1465 2819 1499 2876 66
1519 2813 1651 2878 61616666
1669 2811 1800 2877 exsulet
1821 2811 1878 2877 ubi
1900 2812 2007 2879 adhue
2029 2836 2111 2879 uxo-

106 2901 318 2967 Remmiam
340 2920 506 2980 6666666666
521 2899 622 2980 saort
638 2903 665 2963 et
681 2903 913 2966 coemendata
929 2903 1082 2985 66666666
1133 2917 1204 2961 rem
1225 2896 1334 2962 habet
1381 2896 1560 2962 Pollioetur
1583 2897 1729 2976 meliora,
1759 2898 1788 2962 si
1816 2919 1947 2963 rursum
1977 2900 2013 2963 in
2035 2921 2109 2984 gra-

101 2985 361 3072 pbumtooopoloe
383 2985 632 3050 Loueounensie.
1134 2984 1214 3046 tiam
1237 2982 1338 3066 666161
1362 2983 1465 3065 666616
1492 2993 1525 3048 66
1554 2983 1583 3048 61
1609 2983 1736 3066 priores
1758 2983 1901 3049 offensae
1923 2983 2111 3051 condonen-

1134 3078 1196 3133 tur.
1236 3068 1309 3153 Ego
1332 3069 1408 3151 quin
1433 3090 1538 3151 neque
1567 3068 1732 3135 hominem
1763 3069 1851 3147 novi,
1873 3070 1937 3136 nisi
1960 3071 2046 3153 quod
2069 3071 2110 3136 66

261 3158 316 3223 (Ex
335 3157 503 3225 automno
522 3156 707 3211 0011116666·
728 3154 784 3221 115,
804 3156 923 3220 101111
1134 3154 1246 3218 amieis
1269 3153 1463 3237 quibusdam
1496 3153 1740 3221 commendatus
1762 3163 1813 3218 est
1835 3155 1926 3234 milri,
1946 3177 2051 3240 neque
2070 3156 2110 3222 de

1134 3239 1205 3304 eius
1234 3258 1331 3304 eausa
1359 3239 1539 3323 quidquam
1571 3240 1634 3305 nisi
1658 3241 1698 3305 66
1720 3262 1757 3305 66
1776 3240 1901 3321 6661161,
1925 3241 2020 3308 deea
2041 3263 2110 3308 non
2163 3275 2167 3283 ·

194 3327 326 3393 Eximio
348 3327 423 3391 Iesu
453 3326 580 3391 Ohristi
604 3348 701 3391 servo
725 3328 766 3391 D.
795 3327 912 3392 Ioanni
941 3327 1081 3393 Oalvino
1134 3324 1275 3389 soribam
1303 3324 1469 3408 prolixius.
1509 3326 1560 3390 116
1583 3326 1639 3409 661
1668 3326 1785 3392 melius
1815 3336 1906 3392 tenes
1928 3329 2040 3393 omnia
2061 3330 2109 3393 fa·

106 3414 316 3481 Genevensis
326 3411 479 3478 ecelesiae
490 3414 611 3495 pastori
622 3411 810 3478 fidelissimo
832 3414 925 3477 fratri
948 3424 981 3477 et
991 3436 1081 3499 sym·
1134 3410 1228 3476 uilius
1249 3410 1408 3476 1661166616
1428 3432 1526 3495 quam
1553 3431 1693 3494 aequum
1715 3423 1773 3477 aut
1792 3412 1941 3495 iniquum
1963 3415 2007 3479 sit
2024 3413 2109 3497 quod

104 3511 235 3584 mystae
256 3497 466 3563 observando.
1133 3497 1226 3579 petit.
1266 3496 1379 3578 Neque
1406 3496 1518 3562 dubito
1536 3497 1616 3580 quin
1637 3497 1706 3562 eius
1725 3518 1856 3562 oausam
1879 3498 1999 3566 habeas
2021 3522 2108 3567 oom-

827 3585 994 3650 Genevae.
1134 3580 1322 3645 mendatam
1344 3581 1449 3664 quoad
1471 3581 1625 3666 expedire
1655 3581 1816 3648 1661166616.

1220 3667 1318 3731 Mitto
1341 3668 1382 3732 ad
1401 3683 1433 3733 te
1454 3667 1567 3733 literas
1579 3667 1685 3733 Besae
1706 3670 1811 3736 nostri
1835 3667 1985 3735 Soafusia
2006 3671 2108 3754 66616-

193 3755 229 3821 S.
256 3755 431 3831 Audivisti,
460 3757 585 3838 opinor,
615 3757 701 3839 quod
730 3757 878 3840 oeperint
906 3757 1080 3822 eonsilium
1133 3761 1184 3817 tas
1211 3760 1244 3816 et
1268 3751 1397 3818 Hellers'
1430 3754 1470 3818 ad
1500 3775 1552 3818 me
1575 3753 1665 3833 alias,
1677 3756 1705 3830 2)
1729 3776 1771 3820 ex
1794 3755 1914 3837 quibus
1935 3777 2109 3839 eognosoes

105 3843 212 3907 nostri
234 3838 274 3905 de
304 3842 528 3924 purificatione
553 3852 586 3906 et
619 3841 889 3920 reoonoiliatione‚
914 3843 1081 3908 6611666
1132 3836 1212 3920 6611
1234 3858 1308 3903 oum
1336 3838 1497 3922 (16666116
1519 3840 1650 3904 Β66666
1673 3853 1781 3904 aetum
1802 3841 1854 3906 616.
1899 3840 2056 3906 Salutant
2073 3851 2105 3907 te

105 3928 303 3994 adversariis
340 3929 482 3991 excitata
514 3928 654 3991 maiores
693 3930 851 3992 excitaret
887 3928 1079 4011 tragoedias.
1132 3926 1238 3989 nostri
1260 3945 1381 3989 omues.
1433 3922 1581 3990 Salutem
1611 3925 1748 3990 multam
1770 3925 1844 3992 61166
1866 3927 1977 3991 amieis
1999 3928 2104 3992 omui·

104 4015 216 4095 Atque
242 4014 370 4078 utinam
401 4034 468 4077 uon
493 4033 566 4077 6666
593 4015 722 4096 6661666
743 4012 905 4097 Phryges.
949 4014 1081 4080 Interea
1132 4010 1201 4075 bus.
1241 4009 1326 4074 Vale
1359 4010 1480 4094 optime
1513 4031 1551 4075 66
1584 4009 1773 4077 diutissime.
1829 4012 2025 4078 Lausannae
2053 4017 2102 4078 30.

105 4098 184 4164 dum
207 4098 288 4165 bueo
310 4101 485 4181 sapiuntur
507 4099 642 4164 eonsilia
660 4099 840 4164 adveniunt
861 4100 962 4182 legati
982 4122 1081 4181 quae-
1132 4093 1314 4180 Septembr.
1327 4097 1354 4182 ⁸)

105 4192 175 4250 stor
198 4183 363 4268 Stepuerae
394 4193 427 4248 et
449 4184 639 4250 Bernardus
657 4184 848 4262 mosam,
871 4186 988 4267 quibus
1006 4208 1081 4252 noe·

105 4288 157 4336 ter
180 4271 363 4353 praelectus
391 4269 565 4335 adiuuetus
587 4280 645 4349 est,
669 4271 710 4335 61
733 4270 929 4336 audiendam
950 4291 1081 4338 oausam

106 4365 141 4420 66
168 4356 366 4454 testimonia,
395 4356 423 4420 si
448 4376 529 4439 quos
559 4357 734 4422 adversum
762 4379 815 4422 me
843 4366 944 4422 testes
967 4358 1083 4424 volunt
1134 4402 1225 4458 Μ,
1239 4404 1266 4470 1)
1288 4404 1383 4458 Em
1395 4405 1585 4460 mimum
1595 4403 1723 4456 aum
1735 4404 1768 4457 de
1784 4403 1828 4457 ts
1839 4405 1981 4471 mmm
2007 4405 2105 4458 Vm

105 4442 287 4540 adversarii
309 4440 495 4523 producere.
544 4444 731 4525 Antequam
761 4462 841 4509 voro
869 4442 1081 4509 661666666-
1133 4474 1212 4539 666
1235 4471 1273 4528 N.
1292 4472 1360 4526 6666
1383 4474 1516 4529 suumn
1538 4481 1695 4528 66666666
1718 4474 1805 4538 666
1822 4472 1895 4542 quoa
1915 4473 2104 4541 66666666

106 4536 218 4593 uratur
246 4526 455 4593 intercedunt
483 4525 547 4592 166
571 4540 737 4593 senatores
769 4527 855 4612 6661
878 4527 1003 4612 legatos
1024 4548 1082 4593 no·
1134 4543 1234 4595 666666
1248 4540 1264 4595 'e
1287 4549 1415 4610 6666666
1441 4545 1552 4608 donner,
1580 4542 1710 4596 66666666
1735 4542 1830 4596 edetis
1852 4540 2032 4596 1166666666
2059 4557 2105 4597 66-

102 4612 192 4678 mine
214 4610 439 4691 diaoosiornm,
462 4614 517 4713 661
538 4622 709 4698 exponunt
726 4635 808 4696 quae
827 4613 895 4679 iam
912 4613 953 4678 de
972 4615 1083 4698 paoili-
1132 4611 1240 4733 guma,
1266 4615 1292 4664 ‘l
1318 4612 1618 4666 ‘mmmmm
1643 4625 1728 4679 toque
1752 4611 1891 4677 aequaret
1917 4611 1964 4676 (cf.
1993 4610 2106 4666 Ructat

104 4702 233 4765 eationo
264 4698 398 4764 66661116
430 4699 573 4776 inierint,
608 4722 645 4767 66
678 4699 776 4765 simul
805 4711 925 4782 rogant
953 4711 990 4764 ut
1016 4700 1081 4783 ipsi
1159 4677 1263 4809 ’4973)
1285 4747 1392 4801 Nm
1408 4748 1521 4815 emm
1544 4752 1640 4800 mm
1676 4746 1720 4799 De
1740 4745 1872 4800 Malao
1888 4747 1950 4800 m
1969 4747 2006 4802 N·
2023 4745 2101 4800 2713.

103 4806 235 4869 quoqne
256 4785 357 4884 legati
380 4785 443 4850 huo
465 4807 559 4850 suam
570 4784 920 4886 ‘operamtimpendant
942 4796 979 4850 ut
996 4787 1081 4868 ipso·
1234 4816 1265 4883 3)
1283 4815 1327 4869 ῃ,
1343 4831 1418 4870 am„
1434 4831 1491 4869 ,,,,,,
1506 4821 1546 4870 0„
1562 4815 1635 4882 qaod
1647 4815 1759 4878 ,qm-20⁸,
1775 4830 1859 4884 m„
1876 4815 1926 4870 6,,
1942 4818 2104 4883 mom„

104 4893 180 4936 rum
203 4878 380 4936 autoritate
401 4891 466 4953 pax
493 4872 617 4936 firmior
639 4880 813 4938 6666666666.
859 4868 1080 4953 Respondent,
1131 4889 1243 4956 6666666
1265 4887 1380 4940 neone
1405 4885 1494 4939 Virdo
1515 4885 1639 4938 16666666
1656 4891 1680 4938 et
1700 4883 1830 4939 eatam
1844 4883 1944 4938 666616
1963 4884 2040 4951 fusto
2057 4885 2105 4942 rit
2196 4934 2202 4942 .

103 4977 139 5022 ea
162 4957 224 5022 666
244 4976 312 5021 666
333 4955 453 5021 habere
474 4956 509 5019 in
531 4957 704 5034 mandatis,
727 4976 831 5039 neque
854 4977 988 5021 suarum
1011 4977 1081 5022 esse

102 5043 249 5126 partium
288 5039 465 5125 quidquam
506 5052 673 5125 praeterea
701 5050 830 5108 tentare
863 5063 960 5124 quam
994 5042 1081 5125 quod

104 5128 185 5195 iussi
217 5137 304 5194 sunt.
350 5126 517 5193 Statuitur
540 5127 650 5210 166666
678 5138 715 5193 66
732 5127 773 5193 61
795 5127 927 5212 singula
948 5147 1080 5193 aoousa·
1515 5164 1635 5171 -·-—--
1653 5162 1715 5167 -

105 5213 232 5278 tionum
266 5213 374 5295 eapite
413 5212 637 5299 respondeam,
670 5236 808 5298 quorum
836 5223 909 5280 ooto
941 5215 1080 5280 reseissa

624 1924 824 1989 Wilhelmus
847 1924 994 1989 llassiae.

1621 4234 1711 4297 'Puus
1734 4234 1852 4299 Petrus
1872 4232 2018 4299 Viretus.
