4754 5880
44 297 107 360 555
460 256 463 264 ’
950 298 1031 360 5555
1052 294 1151 361 5551.
1992 303 2054 367 555

130 482 158 547 Ι.
182 482 268 548 Nolo
290 505 397 548 555555
416 486 517 550 55155
547 478 793 566 responsionem
815 481 922 547 fraudi
944 502 1023 564 quo·
1076 485 1170 546 secus
1194 500 1291 565 quam
1319 480 1431 546 dixisti
1454 502 1474 545 a
1495 504 1548 546 me
1574 483 1786 568 intelligatur.
1831 485 1923 550 Haec
1952 489 2054 571 igitur

44 589 109 650 555
129 567 227 633 555515
255 569 329 634 51115
355 591 427 634 5555
454 570 510 652 551
539 569 676 635 eandem
706 570 875 635 nobiscum
904 568 1023 632 doctri·
1075 567 1160 631 mihi
1189 566 1302 631 videor
1332 565 1512 631 audivisse:
1551 574 1590 631 10.
1613 568 1784 634 Christum
1806 568 1989 637 Dominum
2017 577 2052 640 in

44 674 124 719 nam
148 655 351 736 profitentur,
374 676 412 721 55
429 655 567 737 proinde
584 655 669 737 quod
693 667 743 720 est
763 654 941 719 multorum
963 673 1025 735 ego
1076 673 1136 717 sua
1168 674 1245 716 mox
1278 653 1504 717 incarnatione
1535 654 1634 718 fuisse
1666 656 1800 723 omnino
1832 657 1866 720 in
1901 658 2052 726 eoelestis

44 740 130 804 mihi
152 738 241 805 selus
263 761 392 805 sumere
414 741 499 806 nolo.
545 739 612 806 Sed
635 741 696 807 hoe
718 749 810 824 peto,
845 753 881 804 ut
903 739 1024 802 555155-
1075 738 2051 826 5551551555,5515551555155551555555555555555555,

45 847 109 908 que
139 826 243 908 partis
271 825 418 891 doctores
444 842 666 892 convocentur
694 827 925 908 doctrinaeque
959 824 1024 888 dis·
1075 844 1264 906 quanquam
1286 826 1379 887 iuxta
1402 824 1676 905 dispensationem
1700 826 1864 908 quandam
1893 829 1926 892 in
1955 833 2052 899 terris

46 911 131 976 sidia
160 912 273 976 omnia
298 934 340 976 ex
369 912 468 977 verbo
490 912 555 976 Dei
583 911 802 978 dissotiantur
835 913 906 976 sine
935 930 1026 991 prae
1075 913 1270 992 conspicuus
1301 919 1496 974 versaretur.
1537 916 1579 974 2⁰.
1609 911 1779 976 Christum
1808 914 1986 978 Dominum
2017 920 2051 982 in

45 996 185 1071 iudiciis,
216 997 252 1060 in
275 997 424 1075 lenitate,
456 997 615 1062 modestia
637 1018 675 1061 ac
696 998 848 1064 libertate
870 997 1023 1060 fraterna.
1077 995 1185 1059 verbis
1206 995 1272 1060 illis
1289 994 1359 1059 1515.
1377 998 1431 1057 12:
1455 996 1557 1060 Pater
1574 996 1721 1079 glorifica
1739 1018 1792 1061 me
1810 1011 1868 1064 555.
1889 1001 2051 1067 visibilem

133 1083 180 1148 11.
205 1081 281 1147 Non
298 1085 361 1146 alic
378 1083 515 1148 consilio
531 1082 597 1148 1555
615 1085 690 1149 5551
702 1105 799 1167 quam
818 1095 855 1146 ut
876 1082 1024 1147 audirem
1076 1094 1205 1145 tantum
1225 1082 1295 1166 eius
1313 1102 1392 1146 suae
1410 1081 1533 1164 gloriae
1551 1082 1782 1147 revelationem
1796 1087 1939 1166 petiisse,
1952 1108 2050 1168 quam

46 1188 111 1251 qua
141 1176 236 1251 parte
264 1168 357 1234 nobis
387 1168 547 1234 confessio
568 1170 665 1252 Aug,
692 1180 729 1233 ut
758 1182 876 1244 exstat,
903 1168 1024 1249 opponi
1075 1167 1194 1250 alioqui
1223 1178 1319 1230 antea
1348 1168 1448 1230 etiam
1480 1168 1515 1231 in
1548 1188 1607 1231 suo
1636 1189 1770 1250 corpore
1804 1171 1959 1249 habebat,
1994 1172 2051 1238 sed

45 1255 164 1337 possit,
195 1257 388 1335 praesertim
415 1277 513 1337 quum
539 1255 699 1336 Princeps
727 1255 780 1319 hic
803 1254 854 1318 Ill.
878 1266 1024 1317 nostram
1076 1253 1318 1335 dispensatione
1339 1252 1479 1334 quadam
1502 1253 1636 1318 celabat.
1678 1258 1719 1319 3⁰.
1743 1255 1913 1321 Christum
1936 1259 2050 1323 Domi·

46 1340 231 1404 doctrinam
249 1341 290 1405 ab
312 1340 369 1405 illa
386 1340 559 1406 dissentire
582 1342 811 1416 existimasset,
835 1353 868 1404 et
885 1361 938 1403 me
960 1339 1025 1403 huc
1075 1361 1156 1403 num
1184 1340 1219 1402 in
1249 1347 1381 1403 nostrae
1403 1339 1501 1402 etiam
1535 1338 1749 1405 humanitatis
1776 1363 1925 1425 corpore,
1958 1345 2051 1410 iuxta

46 1445 160 1490 secum
183 1426 225 1490 ob
246 1446 319 1490 eam
349 1427 552 1508 potissimum
576 1446 708 1491 eausam
731 1427 843 1491 venire
865 1426 1022 1489 iussisset.
1075 1426 1179 1507 ipsam
1202 1423 1321 1506 alioqui
1350 1425 1452 1488 nostri
1475 1426 1620 1507 eorporis
1643 1439 1808 1503 naturam,
1837 1427 1938 1493 fuisse
1964 1450 2049 1494 5555-

46 1510 160 1591 Quare
193 1512 255 1576 hoc
288 1513 395 1594 ipsum
428 1512 590 1577 duntaxat
622 1533 710 1577 nunc
742 1524 835 1594 5555,
870 1509 1023 1594 quemad·
1075 1531 1134 1592 per
1166 1508 1384 1574 immortalem
1418 1509 1651 1591 impassibilem
1674 1524 1706 1575 et
1736 1513 1923 1596 gloriosum,
1958 1517 2050 1580 testi-

45 1595 182 1661 modum
205 1617 305 1678 supra
327 1597 452 1663 dictum
474 1609 533 1662 est.
1074 1596 1183 1659 monio
1206 1616 1283 1659 suae
1306 1597 1616 1678 transfigurationis,
1645 1596 1702 1661 sed
1725 1599 1858 1663 interim
1881 1600 2049 1682 dispensa-

133 1682 196 1746 111.
226 1682 309 1747 Esto
339 1696 447 1747 autem
479 1696 516 1746 55
543 1683 714 1748 consilium
744 1683 806 1747 hee
829 1702 937 1746 meum
967 1680 1023 1745 ob-
1075 1681 1165 1745 tione
1197 1681 1338 1764 quadam
1367 1702 1508 1766 passum
1541 1692 1773 1766 mortuumque
1808 1706 1878 1750 esse
1917 1700 2051 1770 propter

46 1776 136 1832 stare
174 1789 240 1832 non
273 1767 391 1833 debere
425 1769 574 1833 videatur
607 1770 780 1850 quominus
816 1767 856 1832 de
895 1776 1023 1831 contro·
1074 1767 1178 1832 nostri
1202 1765 1466 1848 redemptionem.
1510 1775 1552 1831 4⁰.
1576 1767 1747 1833 Christum
1760 1768 1940 1836 Dominum
1958 1774 2050 1837 iuxta

46 1874 143 1918 55555
160 1855 186 1934 ³)
215 1852 287 1932 illa,
316 1874 434 1936 nempe
455 1856 535 1918 reali
565 1854 769 1919 substantiali
798 1874 835 1918 55
863 1853 1022 1935 corporali
1074 1852 1288 1917 humanitatis
1321 1865 1450 1917 nostrae
1484 1864 1653 1931 naturam,
1694 1876 1811 1939 nempe
1850 1878 1984 1941 corpore
2016 1873 2049 1924 55

45 1941 81 2002 15
111 1960 231 2005 coenae
261 1941 431 2005 elementis
460 1941 604 2023 eorporis
636 1951 669 2004 et
698 1941 869 2023 sanguinis
897 1938 1022 2003 Christi
1074 1938 1234 2022 sanguine
1257 1958 1325 2013 suo,
1349 1959 1419 2003 esse
1442 1941 1506 2001 iam
1529 1948 1717 2015 creatorem,
1739 1954 1872 2024 propter
1894 1964 2048 2026 persona-

45 2024 192 2088 naturali
215 2025 439 2090 delitescentia·
461 2027 547 2090 inter
569 2047 630 2090 nos
651 2026 882 2108 colloquamur,
913 2036 1022 2089 tamen
1073 2024 1137 2088 lem
1171 2026 1343 2106 utriusque
1375 2025 1408 2087 in
1440 2026 1512 2106 ipso
1545 2034 1682 2089 naturae
1716 2030 1880 2092 unionem.
1934 2036 1975 2093 5⁰.
2005 2030 2047 2094 In

45 2132 149 2192 quum
178 2110 331 2176 hesterna
364 2126 475 2175 555555
504 2111 681 2192 disputatio
715 2111 871 2176 adiuncta
903 2110 1023 2175 habeat
1074 2109 1208 2175 Christo
1229 2110 1373 2174 Domino
1396 2121 1547 2174 naturam
1575 2112 1679 2192 ipsam
1708 2122 1841 2177 5555555
1864 2114 2049 2179 humanita-

46 2196 112 2260 alia
135 2195 295 2279 quaedam
317 2196 485 2279 dogmata,
509 2198 591 2260 mihi
620 2197 741 2279 alioqui
771 2208 877 2274 antea,
908 2208 945 2260 ut
967 2217 1022 2260 ve-
1073 2197 1126 2274 tis,
1160 2215 1277 2277 eorpus
1308 2196 1443 2277 inquam
1477 2215 1573 2259 suum
1608 2210 1641 2260 et
1673 2200 1878 2280 sanguinem,
1914 2199 2048 2266 divinae

46 2303 122 2345 rum
144 2283 258 2359 t'atear,
288 2285 335 2347 ita
359 2304 463 2364 55555
488 2283 726 2365 aedituusque
754 2282 838 2348 lecta
867 2303 1021 2365 unquam,
1073 2282 1176 2364 ipsius
1198 2292 1335 2345 naturae
1358 2282 1405 2345 ita
1429 2303 1499 2345 esse
1522 2283 1647 2345 unitam
1673 2285 1835 2365 personali
1859 2287 1987 2363 unione,
2011 2300 2047 2351 ut

45 2379 79 2432 et
109 2388 193 2449 quae
220 2390 292 2432 5555
325 2370 452 2450 quidem
488 2367 605 2433 iudicio
639 2368 747 2434 adhuc
780 2371 886 2452 magis
920 2368 1021 2432 multo
1073 2389 1178 2449 neque
1199 2368 1345 2432 locorum
1364 2388 1467 2449 neque
1488 2366 1567 2430 item
1590 2370 1753 2449 potentiae
1771 2368 1959 2436 discrimine
1981 2371 2047 2437 ullo

45 2474 143 2535 quam
173 2471 383 2519 controversa
414 2454 472 2518 illa
501 2454 722 2519 delitescentia
755 2455 921 2536 paradoxa
950 2474 1021 2518 esse
1074 2453 1213 2518 discerni
1231 2452 1424 2517 abinvicem
1437 2452 1577 2536 amplius
1595 2455 1903 2538 separarivepossit,
1916 2470 2047 2540 propter

46 2538 212 2618 videntur,
234 2539 389 2629 iudicium
414 2541 453 2603 de
474 2540 539 2605 illis
561 2561 670 2605 meum
692 2540 892 2622 suspendere
914 2538 1021 2605 adhuc
1073 2538 1277 2621 personalem
1311 2538 1399 2602 illam
1435 2540 1597 2602 unionem.
1653 2544 1695 2603 6⁰.
1729 2541 1810 2607 Post
1843 2554 2046 2608 mortuorum

44 2625 162 2688 malim
189 2647 288 2707 quam
317 2626 358 2689 ad
387 2649 425 2690 ea
446 2628 481 2689 in
515 2626 678 2691 utramvis
710 2637 839 2708 partem
871 2627 1020 2709 protinus
1072 2627 1343 2690 resurrectionem
1362 2624 1488 2688 nullum
1511 2625 1643 2689 omnino
1664 2625 1726 2692 loci
1748 2627 1848 2693 ullius
1870 2628 2046 2694 discrimen

45 2709 260 2793 respondere:
301 2712 495 2794 praesertim
525 2734 626 2794 quum
662 2712 851 2794 perspicuos
888 2711 1020 2776 illorum
1072 2713 1141 2776 fore
1163 2711 1250 2775 inter
1272 2729 1328 2774 555
1351 2711 1406 2792 551
1430 2721 1508 2775 5555
1531 2709 1581 2774 551
1604 2712 1758 2776 servandi
1780 2713 1835 2777 vel
1858 2713 2045 2780 damnandi.

44 2797 154 2861 fontes
176 2797 530 2879 55555155551555515
556 2799 637 2880 ipsis
659 2818 764 2880 neque
786 2799 820 2860 in
843 2796 1021 2863 catholicae
1158 2796 1251 2860 Haec
1261 2795 1343 2858 mihi
1365 2799 1411 2858 ita
1432 2794 1604 2873 audivisse,
1628 2797 1662 2861 ni
1684 2796 1790 2876 fallor,
1812 2821 1854 2864 ex
1872 2809 1906 2865 te
1923 2800 2044 2878 videor,

44 2883 125 2946 item
148 2883 304 2948 ecelesiae
330 2883 518 2949 doctoribus
540 2884 623 2948 mihi
645 2883 779 2948 omnino
808 2880 1020 2948 5115555555-
1073 2882 1125 2948 vir
1146 2881 1442 2964 praestantissime:
1471 2882 1505 2945 in
1529 2882 1647 2964 quibus
1667 2884 1696 2947 si
1718 2906 1792 2949 mea
1814 2907 1866 2949 me
1887 2889 2046 2953 memoria

44 2980 156 3051 portos
178 2967 332 3034 habeam:
365 2970 431 3034 imo
458 2990 555 3048 vero,
589 2978 750 3052 quantum
779 2968 930 3051 equidem
952 2990 1020 3033 me·
1072 2968 1165 3033 fallat
1186 2967 1261 3051 plus
1291 2967 1372 3031 satis
1393 2967 1516 3050 alioqui
1538 2967 1661 3047 labilis,
1690 2976 1724 3034 te
1746 2990 1802 3035 555
1830 2992 1872 3035 55
1898 2975 2045 3055 graveris

45 3054 136 3132 mini,
158 3053 309 3134 arbitror,
332 3076 352 3119 a
370 3055 486 3138 priscis
499 3054 652 3121 omnibus
670 3055 824 3121 eeclesiae
835 3052 1022 3121 doctoribus
1072 3055 1163 3118 illam
1186 3064 1241 3117 tuo
1261 3054 1365 3134 ipsius
1387 3053 1575 3118 testimonio
1597 3053 1777 3132 sublevare,
1807 3067 1841 3121 55
1863 3058 1974 3138 555515
1996 3060 2046 3124 in-

47 3139 156 3205 511555
178 3140 274 3222 plane
296 3162 375 3207 esse.
922 3198 924 3203 .
1073 3140 1191 3216 dicare,
1213 3140 1316 3204 sicubi
1338 3138 1416 3222 quid
1438 3136 1598 3204 excidisse
1619 3149 1724 3222 putes.
1758 3142 1848 3206 Fieri
1867 3143 1954 3207 enim
1973 3154 2045 3227 pot-

133 3225 195 3291 IV.
225 3226 336 3292 Citata
365 3236 443 3292 sunt
464 3227 563 3292 etiam
594 3247 652 3309 per
674 3247 733 3292 ves
761 3227 832 3292 loca
853 3226 1022 3309 quaedam,
1072 3234 1132 3292 est·
1145 3235 1182 3291 ut
1203 3226 1255 3291 vel
1277 3235 1310 3289 te
1332 3246 1397 3289 non
1426 3225 1645 3290 intellexerim
1666 3234 1770 3304 recte,
1800 3228 1854 3293 vel
1876 3249 1942 3293 non
1964 3232 2044 3296 satis

48 3322 144 3377 etex
166 3312 339 3395 scripturis
360 3323 394 3377 et
415 3332 458 3376 ex
479 3313 627 3396 patribus
653 3312 748 3394 ipsis,
778 3332 860 3395 quae
882 3311 1022 3397 diligen·
1071 3312 1218 3378 omnium
1256 3310 1478 3376 meminerim:
1519 3312 1712 3393 praesertim
1752 3333 1852 3396 quum
1886 3335 1925 3379 ea
1963 3317 2045 3381 mihi

47 3397 112 3463 tius
135 3398 253 3481 inspici
275 3407 309 3464 55
330 3398 472 3482 expendi
493 3407 637 3482 opertet:
660 3398 694 3462 id
712 3397 798 3481 quod
820 3418 881 3483 ego
903 3398 1022 3482 alioqui
1072 3398 1224 3481 dogmata
1244 3397 1375 3462 insueta
1396 3398 1464 3461 sint
1485 3417 1629 3479 prorsus,
1657 3407 1696 3461 ut
1716 3397 1794 3476 dixi,
1822 3409 1856 3464 et
1878 3422 2045 3484 nunquam

46 3495 192 3550 nuncet
213 3486 452 3568 pertemporis
473 3496 507 3550 55
532 3506 591 3568 555
618 3483 777 3550 librorum
806 3485 951 3567 inopiam
973 3486 1022 3549 fa·
1071 3484 1229 3550 hactenus
1251 3483 1434 3548 observata.
1467 3481 1581 3565 Neque
1599 3503 1677 3548 vero
1700 3484 1733 3548 id
1756 3484 1814 3550 abs
1835 3497 1867 3550 55
1884 3497 1959 3568 peto
1976 3487 2044 3553 ullo

46 3590 119 3635 cere
142 3591 210 3635 non
231 3591 375 3653 possum.
419 3569 476 3636 Sic
502 3570 638 3653 proinde
658 3570 780 3634 mirum
803 3569 895 3635 vobis
916 3570 1022 3635 videri
1070 3591 1149 3636 sane
1167 3568 1319 3652 captandi
1330 3568 1506 3651 quidquam
1525 3568 1743 3652 sugillandive
1761 3569 1870 3636 studio
1889 3570 1936 3648 (id
1954 3575 2044 3656 equi·

45 3675 111 3720 non
135 3656 253 3721 debere
274 3665 356 3739 5555
380 3657 410 3722 51
432 3677 498 3721 non
523 3656 681 3739 inspeetis
702 3676 740 3722 ac
762 3655 916 3721 discussis
938 3677 1022 3739 quae
1071 3655 1144 3721 dem
1168 3656 1227 3720 tibi
1248 3675 1327 3720 5555
1349 3654 1492 3735 affirmo)
1514 3654 1571 3718 sed
1590 3655 1707 3719 vellem
1731 3677 1770 3721 55
1785 3677 1916 3722 mecum
1935 3661 2044 3724 omnia

45 3753 123 3807 sunt
150 3743 250 3808 citata
278 3742 357 3808 louis
382 3740 601 3825 respondendi
623 3741 705 3806 mihi
733 3741 936 3824 provinciam
966 3764 1020 3807 su·
1070 3762 1128 3824 per
1150 3743 1252 3805 otium
1276 3742 1461 3805 accuratius
1484 3740 1580 3821 paulo
1602 3750 1763 3822 reputare,
1794 3754 1826 3806 55
1848 3743 1965 3808 deinde
1985 3766 2045 3826 555

43 3848 135 3893 mere
157 3848 225 3892 non
247 3828 355 3894 velim.
392 3827 553 3893 Libenter
573 3827 634 3893 hoe
664 3838 773 3892 tamen
803 3837 920 3910 postea
947 3849 1019 3893 sum
1070 3828 1181 3892 literas
1214 3836 1322 3892 tecum
1354 3825 1502 3889 fraterne
1530 3824 1570 3889 de
1599 3824 1751 3890 omnibus
1781 3847 1887 3911 agere,
1922 3830 1949 3893 si
1978 3851 2043 3913 quo

41 3914 200 3991 facturus,
235 3926 272 3978 ut
301 3934 360 3998 per
391 3916 493 3979 otium
522 3923 673 3978 amanter
701 3921 735 3978 55
762 3922 953 3979 reverenter
979 3913 1020 3979 de
1068 3913 1165 3978 modo
1188 3912 1244 3977 det
1256 3913 1348 3976 Deus
1365 3925 1403 3975 ut
1421 3932 1534 3975 omnes
1556 3910 1642 3975 idem
1665 3912 1768 3976 semel
1789 3913 1963 3997 aliquando
1986 3937 2043 3998 per

38 3998 197 4065 omnibus
214 3999 256 4064 ad
279 4013 311 4064 te
333 4000 483 4077 scribam,
506 4002 558 4064 vir
575 3999 765 4077 clarissime,
789 4000 843 4065 ubi
861 3998 902 4064 ad
919 3999 1019 4065 libros
1069 4001 1139 4065 eius
1161 3998 1300 4082 gratiam
1324 4012 1356 4060 et
1377 3997 1558 4060 sentiamus
1580 4009 1614 4061 et
1636 3997 1815 4080 loquamur.

38 4107 134 4150 55555
164 4085 299 4150 rediero.
346 4086 421 4150 Non
450 4084 601 4168 equidem
630 4096 670 4149 ut
691 4086 742 4151 vel
776 4085 933 4164 revocari,
966 4086 1017 4151 vel
1153 4084 1250 4149 Nunc
1272 4081 1305 4146 id
1327 4094 1457 4146 tantum
1480 4102 1546 4160 oro,
1568 4081 1602 4146 id
1629 4083 1713 4165 quod
1732 4094 1829 4148 antea
1846 4085 1943 4149 etiam
1963 4083 2041 4165 dixi,

37 4173 185 4255 ipsemet
214 4173 326 4237 venire
359 4181 469 4238 tecum
501 4172 569 4236 ullo
596 4171 692 4236 modo
719 4171 820 4236 velim
854 4173 889 4235 in
917 4170 1018 4236 ullam
1068 4182 1106 4235 ut
1127 4179 1184 4235 aut
1204 4178 1336 4233 nostrae
1359 4166 1526 4232 doctrinae
1554 4167 1677 4250 aliquid
1704 4167 1823 4233 diserte
1850 4181 2042 4251 opponatur,

37 4258 178 4323 omniuo
200 4258 457 4335 contentionem,
489 4278 595 4340 aqua
623 4278 703 4321 sane
730 4266 819 4322 totus
849 4258 1017 4334 abhorreo,
1068 4257 1138 4323 sive
1171 4278 1213 4320 ex
1237 4257 1321 4337 Aug.
1351 4253 1561 4332 confessione,
1595 4255 1664 4318 5155
1696 4276 1737 4319 55
1771 4256 1841 4319 5155
1870 4256 2040 4340 Apologia,

37 4343 100 4410 sed
124 4352 163 4408 ut
183 4343 244 4408 tibi
266 4343 357 4408 velut
378 4342 483 4420 fratri,
505 4355 563 4407 aut
584 4344 694 4408 verius
716 4344 811 4425 patri,
833 4343 909 4407 fidei
926 4363 1018 4408 meae
1068 4344 1139 4408 sive
1159 4343 1237 4406 item
1260 4360 1303 4404 ex
1325 4339 1407 4405 actis
1429 4339 1740 4421 Ratisponensibus,
1770 4350 1828 4405 aut
1849 4362 1891 4405 ne
1913 4354 2042 4424 praeter

37 4430 205 4495 rationem
227 4430 364 4494 inomni
386 4427 615 4493 benevolentia
636 4448 674 4492 ae
691 4430 826 4494 caritate
839 4429 1019 4494 christiana
1068 4438 1216 4494 nostrum
1239 4426 1391 4490 meritum
1415 4423 1564 4490 doctrina
1590 4437 1703 4490 nostra
1730 4445 1768 4490 ea
1797 4428 1982 4510 suspicione
2004 4450 2041 4496 ac

37 4515 190 4591 reddam,
212 4514 487 4597 quemadmodum
509 4526 545 4579 tu
567 4535 628 4599 pre
651 4515 773 4580 virtute
796 4515 1016 4580 humanitate·
1066 4514 1195 4580 invidia
1216 4523 1381 4595 gravetur,
1404 4511 1497 4594 quasi
1516 4512 1601 4595 Aug.
1621 4512 1815 4575 confessioni
1837 4514 1971 4578 omnino
1989 4535 2041 4579 re-

37 4623 105 4687 que
127 4599 226 4665 fidem
248 4601 330 4665 mihi
353 4609 442 4664 tuam
465 4611 599 4666 conatus
622 4622 658 4666 es
679 4601 867 4684 approbare.
977 4672 978 4678 1
1067 4610 1200 4685 pugnet.
1213 4603 1240 4681 ο)
1269 4597 1355 4662 Nam
1367 4596 1525 4661 haetenus
1536 4596 1620 4661 nihil
1632 4595 1818 4661 huiusmodi
1829 4598 1923 4663 nobis
1940 4621 2040 4683 oppo-

128 4685 179 4751 Ne
201 4684 279 4769 quid
305 4696 417 4752 autem
446 4707 511 4751 non
541 4696 629 4752 recte
662 4685 721 4751 abs
750 4698 782 4750 te
815 4686 1017 4750 intellexisse
1068 4687 1168 4753 situm
1191 4705 1261 4750 esse
1283 4683 1441 4748 videmus.
1476 4680 1705 4766 Stuttgardiae
1728 4687 1778 4746 23.
1797 4683 1877 4749 Maii
1906 4690 1995 4750 1556.

37 4783 98 4839 sut
122 4793 188 4837 non
210 4772 310 4855 probe
338 4773 448 4837 omnia
470 4773 660 4838 meminisse
689 4770 749 4835 tibi
772 4770 900 4849 videar,
929 4790 1017 4835 eom·

37 4857 231 4925 memorabo
255 4857 308 4924 hic
330 4859 442 4941 paucis
465 4879 548 4941 quae
566 4880 619 4923 me
640 4858 713 4923 heri
734 4878 775 4921 ex
798 4867 830 4921 te
852 4856 1017 4922 audivisse
1168 4854 1341 4919 61551151·
1362 4851 1523 4908 aedesius:
1551 4853 1770 4906 Uunsmonon
1794 4854 1943 4910 hotham
1970 4858 2038 4937 psti-
2115 4828 2117 4835 Ι

37 4955 134 5029 puto,
166 4954 203 5007 ut
232 4944 335 5009 sicubi
358 4945 516 5008 memoria
545 4943 602 5008 tibi
631 4943 743 5026 lapsus
770 4943 1017 5025 quoquomodo
1065 4923 1763 5062 {23¹8³{2ffiff2fflffeg'ssn‘iffiiffnfflg
1778 4922 1869 5045 ‘lm‘
1884 4927 2039 5061 iiffllmsll

37 5032 164 5108 Videas»
194 5030 253 5095 ³b⁸
274 5040 308 5094 10
335 5041 486 5094 Μθῑῐῖθῖ
514 5029 682 5094 adfflfflffl'l
705 5049 842 5111 P⁰⁸⁸⁰ms
873 5049 916 5092 ¹¹⁰
937 5028 1016 5110 quid
1067 5062 1246 5184 Brutbachium
1269 5062 1369 5129 (supro
1391 5060 1519 5125 laudata)
1546 5060 1685 5129 appellare
1708 5060 1828 5129 potuerit
1852 5063 1970 5114 studium
1989 5063 2038 5115 im·

1065 5149 1115 5201 pos
1129 5148 1202 5185 urae.

141 5216 172 5284 5)
191 5218 377 5273 conuersata
396 5217 429 5272 G.
1163 5243 1165 5247 ⁴
1443 5267 1644 5279 .-.......
