4688 5902
273 337 336 396 535
1027 330 1291 400 EPISuOLAE'
1310 333 1520 396 tota-2662
2208 333 2263 403 636

360 523 550 590 Clarissimo
581 522 705 587 Ohristi
735 541 830 587 servo
859 520 976 586 Ioanni
1003 519 1141 586 calvino
1174 541 1248 603 pas·
1299 520 1432 586 venaris
1453 538 1567 585 ansam
1596 517 1838 602 perstringendi
1868 524 1906 582 ut
1922 516 2069 600 plerique
2090 536 2204 581 omnes
2224 516 2266 581 ia·

271 610 338 674 tori
367 610 520 675 ecelesiae
541 607 747 673 Genevensis
767 605 922 690 theologo
951 607 1125 690 insigniori
1153 605 1248 671 fratri
1299 606 1392 671 ciunt
1419 614 1452 670 et
1482 603 1616 670 liberius
1648 605 1834 686 spatiantur
1860 604 1894 668 in
1922 600 2076 668 foeditate
2105 602 2266 684 pontificia

275 708 309 760 et
330 705 531 779 symmystae
553 713 651 774 quam
672 693 851 760 carissimo.
1297 689 1532 774 persequenda
1577 687 1645 755 Sed
1673 698 1710 753 tu
1735 710 1801 755 nou
1829 689 1895 755 nisi
1923 696 2055 755 coactus
2083 695 2119 752 et
2145 687 2203 752 ubi
2218 708 2265 754 res

993 776 1159 843 Genavae.
1298 777 1371 860 ipsa
1392 784 1426 841 te
1447 774 1560 859 adigit,
1583 776 1630 840 ita
1655 783 1693 839 ut
1713 782 1823 841 tacere
1844 794 1951 858 neque
1967 773 2194 857 possisneque
2216 773 2265 838 de-

1298 862 1386 941 beas,
1409 869 1442 927 et
1458 861 1573 944 paucis
1593 868 1627 925 et
1637 859 1741 927 veluti
1759 859 1847 926 aliud
1865 881 1967 945 agens
1989 860 2120 942 impetis
2131 858 2265 938 hostem,

361 948 396 1015 S.
427 948 608 1032 Ballinqeri
625 949 736 1014 literas
754 951 779 1032 ¹)
798 947 838 1013 ad
857 958 890 1013 te
911 947 984 1031 legi.
1022 948 1160 1015 Moleste
1177 949 1246 1012 iero
1298 947 1361 1013 sed
1378 949 1471 1032 gravi
1493 966 1623 1030 semper
1643 945 1768 1012 inflicto
1790 945 1938 1011 vulnere.
1979 945 2045 1011 Hic
2061 944 2120 1009 ubi
2141 953 2265 1009 tantum

275 1034 360 1116 quod
383 1045 451 1098 tam
473 1033 639 1117 deplorata
656 1037 766 1098 omnia
783 1043 914 1117 reputet
929 1054 1004 1099 curn
1023 1033 1197 1099 Saxoniois
1213 1043 1247 1098 et
1297 1033 1408 1099 hostes
1426 1032 1562 1098 moleste
1584 1033 1695 1097 ferunt
1711 1053 1794 1115 quae
1807 1053 1885 1098 vere
1906 1032 1942 1095 in
1963 1052 2020 1096 eos
2032 1028 2123 1109 diois,
2148 1038 2184 1095 tu
2195 1051 2265 1114 par-

275 1141 341 1184 non
363 1121 471 1202 potius
496 1139 605 1203 speret
631 1122 757 1194 omnia,
787 1128 825 1184 ut
846 1132 897 1185 est
922 1120 1068 1185 caritatis
1089 1118 1244 1185 officium.
1297 1120 1364 1186 oior
1381 1140 1425 1185 os.
1476 1117 1618 1185 Oausam
1646 1117 1777 1200 pietatis
1798 1117 1943 1200 penitius
1969 1136 2172 1199 prosequens
2182 1116 2265 1197 ,quid

275 1205 433 1285 Queritur
466 1206 558 1269 valde
591 1206 630 1269 do
662 1205 796 1269 illorum
829 1207 1016 1288 pertinacia.
1058 1204 1126 1270 Sed
1157 1203 1244 1286 quid,
1296 1225 1371 1270 cum
1392 1202 1571 1270 fratribus?
1605 1203 1652 1268 ut
1673 1203 1749 1269 licet
1771 1212 1803 1268 te
1823 1205 1983 1287 impetant
1992 1201 2168 1267 virulentis
2185 1201 2263 1280 telis,

274 1311 340 1356 non
364 1291 453 1355 videt
474 1301 631 1373 quantum
659 1290 837 1368 odricus&
859 1290 995 1375 indigne
1022 1306 1056 1355 et
1082 1291 1245 1355 serviliter
1296 1311 1398 1373 quum
1419 1300 1457 1354 tu
1478 1290 1588 1355 omnia
1609 1289 1760 1372 excipere
1773 1289 1880 1371 possis
1902 1289 1973 1354 sine
1994 1286 2140 1352 laesione
2151 1286 2263 1370 aliqua,

165 1393 169 1397 ·
275 1397 348 1442 eum
371 1376 505 1442 halbero
526 1397 626 1458 agens
648 1377 694 1440 ita
716 1377 898 1460 scripserit,
928 1388 966 1441 ut
987 1380 1104 1441 merito
1131 1396 1245 1440 omnes
1296 1377 1490 1458 efficoreque
1511 1374 1623 1441 valeas
1640 1382 1679 1439 ut
1701 1375 1796 1439 irrita
1817 1374 1937 1439 cadant
1959 1381 1993 1437 et
2014 1381 2048 1438 te
2069 1379 2104 1437 et
2120 1384 2180 1437 tua
2200 1395 2263 1438 ser·

274 1463 328 1545 qui
350 1483 425 1527 cum
447 1483 485 1526 eo
507 1460 633 1526 iaciunt
655 1462 830 1527 damnandi
852 1465 927 1539 sint,
955 1484 1015 1527 nos
1037 1471 1146 1527 autem
1169 1481 1242 1525 oum
1295 1482 1354 1527 ves
1370 1461 1495 1541 illaesa,
1525 1461 1694 1545 gratiusne
1715 1461 1774 1527 tibi
1790 1460 1898 1538 fuerit,
1929 1466 1967 1524 ut
1984 1468 2019 1523 tu
2040 1479 2102 1541 par
2124 1459 2195 1542 pari
2217 1479 2260 1523 re

273 1569 312 1612 eo
333 1546 440 1612 facere
463 1548 593 1629 plurimi
616 1547 769 1626 iudicant,
791 1548 884 1613 cuius
902 1548 1010 1630 gratia
1032 1557 1160 1612 tantum
1178 1567 1244 1611 non
1294 1546 1391 1628 feras,
1413 1548 1479 1613 imo
1508 1568 1606 1630 quam
1629 1546 1823 1630 gravissime
1850 1545 1968 1610 iratres
1988 1543 2109 1622 laedas,
2133 1564 2263 1628 magne·

274 1631 315 1697 ad
337 1633 498 1698 insaniam
521 1632 707 1716 adiguntur.
748 1631 913 1717 Quidquid
936 1632 1074 1699 Iacobus
1096 1633 1245 1697 Andreas
1295 1654 1357 1716 que
1386 1634 1555 1716 voluptate
1584 1640 1617 1696 et
1644 1632 1772 1697 laetitia
1799 1631 1936 1714 impleas
1965 1630 2086 1709 hostes,
2109 1630 2167 1713 qui
2184 1631 2262 1696 serio

274 1719 443 1801 scripserit
474 1718 576 1783 multo
610 1719 715 1802 magis
748 1720 829 1783 mihi
861 1718 984 1801 placet,
997 1722 1023 1800 8)
1057 1740 1155 1802 quam
1187 1718 1244 1799 qui
1295 1718 1931 1802 triumphantspeotantestamamaram
1941 1714 2109 1800 pugnam?
2135 1715 2261 1797 Quanto

273 1824 407 1886 prorsus
437 1818 595 1888 respuunt
622 1804 825 1886 colloquium.
873 1804 937 1870 Ubi
959 1805 1048 1869 aliud
1071 1825 1135 1868 non
1158 1813 1245 1869 esset
1294 1812 1476 1887 praestaret
1504 1814 1543 1868 ut
1569 1811 1759 1868 exarmatus
1786 1803 1887 1867 frater
1913 1803 2036 1867 fractus
2057 1822 2194 1884 prorsus
2216 1823 2260 1866 se·

273 1890 309 1953 in
331 1891 401 1956 viro
429 1901 559 1972 praeter
580 1901 692 1955 votum
714 1890 905 1956 concordiae
932 1904 965 1955 et
993 1887 1078 1973 quod
1099 1911 1139 1954 ea
1160 1909 1244 1970 quae
1294 1889 1424 1955 cederet
1439 1910 1589 1974 apugna,
1611 1889 1743 1955 edoctus
1760 1888 1885 1954 flustra
1904 1907 2052 1971 pugnam
2074 1907 2261 1971 aggressum

275 1974 317 2039 ad
348 1996 420 2039 eam
452 1976 576 2041 iaciunt
607 1996 674 2040 non
708 1977 845 2058 respuit,
878 1976 953 2058 plus
985 1976 1116 2059 probari
1148 1973 1243 2040 debet
1294 1996 1329 2040 se
1351 1996 1432 2058 esse,
1458 1996 1525 2041 non
1555 1996 1630 2041 cum
1655 1976 1750 2040 hoste
1777 1973 1834 2040 sed
1856 1994 1931 2040 oum
1953 1974 2064 2053 fratre,
2085 1973 2143 2056 qui
2164 1973 2260 2039 victo

274 2080 372 2142 quam
400 2062 455 2142 qui
488 2081 623 2144 prorsus
652 2061 811 2150 reiiciunt.
858 2062 911 2128 De
943 2062 1143 2144 principibus
1175 2080 1242 2125 non
1294 2060 1376 2125 riam
1399 2061 1510 2128 salvus
1530 2067 1676 2144 reportat
1705 2061 1801 2124 fratri
1829 2080 1966 2143 parcens
1988 2080 2082 2142 quem
2107 2059 2260 2124 conficere

274 2156 380 2228 potest
414 2157 452 2210 ut
481 2147 522 2211 de
551 2146 739 2228 Wesphalis
770 2147 867 2229 loqui.
919 2144 986 2213 Sed
1019 2149 1046 2211 si
1079 2146 1242 2230 principes
1293 2155 1431 2229 poterat,
1455 2148 1553 2212 etita
1581 2167 1695 2212 omnes
1722 2145 1839 2211 merito
1868 2152 2039 2210 strenuum
2057 2142 2259 2211 commenda·

276 2233 441 2313 aequiores
463 2253 579 2298 causae
601 2233 740 2308 fuerint,
770 2232 865 2298 facile
887 2244 1133 2314 compescantur
1154 2234 1242 2296 furo·
1293 2232 1378 2297 bunt
1399 2233 1439 2297 ab
1451 2232 1626 2299 incruenta
1649 2232 1792 2309 victoria,
1810 2231 1868 2296 ubi
1889 2230 2100 2315 antagonista
2122 2228 2259 2296 defectus

274 2338 326 2381 res
355 2317 637 2382 tumultuantium.
678 2316 775 2396 Quod
806 2329 838 2381 te
865 2317 1017 2382 hortatur
1043 2332 1081 2382 ut
1107 2337 1242 2400 respon·
1293 2318 1394 2384 armis
1416 2325 1449 2382 et
1470 2318 1596 2382 viribus
1618 2317 1754 2382 herbam
1772 2315 1850 2382 dare
1872 2317 2008 2400 cogitur.
2043 2314 2082 2381 si
2098 2337 2174 2399 spes
2195 2337 2258 2382 oer-

274 2400 350 2467 deas
373 2403 413 2466 ad
436 2402 695 2467 adversariorum
718 2418 921 2485 argumenta,
947 2414 980 2468 et
1002 2414 1114 2469 nostra
1134 2405 1242 2485 potius
1294 2404 1357 2467 tior
1378 2402 1530 2487 colloquii
1552 2402 1729 2483 adfulserit,
1745 2423 1810 2468 non
1833 2403 1929 2468 video
1950 2401 2028 2485 quid
2050 2402 2257 2484 responsione

274 2489 454 2566 confirmes,
489 2489 674 2569 praeteritis
706 2509 842 2569 prorsus
873 2490 1037 2570 personis,
1072 2489 1112 2553 de
1144 2509 1243 2553 causa
1294 2489 1338 2555 sit
1359 2510 1449 2572 opus,
1479 2489 1543 2555 nisi
1565 2489 1612 2553 ita
1632 2496 1832 2573 temperetur
1850 2510 1888 2554 ae
1910 2487 1938 2553 si
1960 2508 2033 2553 cum
2056 2487 2256 2553 amicissimis

273 2584 401 2638 tantum
424 2573 596 2638 sollicitus:
620 2573 651 2636 id
675 2572 849 2638 admodum
866 2573 946 2638 mihi
970 2575 1085 2657 placet,
1094 2577 1123 2649 ⁴)
1146 2583 1242 2655 teque
1294 2584 1456 2659 ageretur,
1479 2596 1515 2639 re
1542 2583 1672 2639 tantum
1699 2595 1827 2641 summa
1843 2573 1979 2639 lenitate
2002 2579 2151 2638 tractata
2196 2570 2256 2639 Sed

274 2672 407 2740 propter
438 2658 606 2724 Christum
635 2660 792 2734 obtestor,
827 2671 865 2724 ut
892 2662 938 2724 ita
966 2660 1102 2725 >studeas
1132 2661 1243 2725 omnia
1293 2682 1394 2743 quum
1416 2661 1550 2726 oonsilio
1573 2658 1717 2727 abundes
1738 2659 1878 2745 pleniori
1899 2658 2038 2724 donatus
2059 2660 2188 2742 spiritu,
2207 2679 2256 2723 va·

274 2764 380 2826 agere.
417 2744 501 2807 Nam
524 2765 602 2809 sane
624 2752 658 2808 te
678 2745 852 2828 indignum
874 2747 1023 2823 arbitror,
1046 2747 1101 2829 qui
1123 2757 1242 2810 tractes
1293 2744 1425 2829 leasque
1446 2745 1564 2811 iuditio
1592 2746 1736 2822 certiore,
1803 2745 1928 2828 equod
1950 2744 2057 2828 magis
2079 2746 2171 2810 noris
2193 2765 2256 2809 esse

273 2828 458 2893 foeditatem
471 2828 610 2907 illorum,
623 2831 993 2913 parumqueconducere
1011 2831 1155 2897 ecelesiis
1171 2831 1242 2913 ipsa
1293 2853 1336 2897 ex
1358 2852 1421 2896 usu
1450 2832 1612 2911 ecelesiae,
1642 2839 1675 2897 et
1698 2765 1848 2915 pluiilrus
1874 2829 2053 2897 mnducere
2089 2838 2124 2895 et
2154 2831 2256 2894 minus

274 2912 368 2979 docet
400 2916 609 2997 experientia
648 2914 757 2996 Quam
787 2917 909 2981 fuerint
936 2916 1032 2982 multi
1061 2917 1177 2983 offensi
1206 2918 1241 2980 in
1294 2926 1425 3001 gratum
1444 2916 1592 2983 hostibus
1615 2918 1754 3000 pietatis.

273 3001 535 3082 peregrinatione
544 3003 572 3078 ⁵)
601 3002 756 3066 intellexi.
798 3006 846 3067 At
875 3001 1028 3069 Ohristus
1057 3002 1180 3068 scribas
1208 3010 1243 3067 et
1378 3002 1487 3068 Hodie
1509 3003 1667 3086 Princeps
1679 3007 1704 3079 ⁰)
1725 3001 1823 3068 istinc
1843 3002 1949 3067 rediit
1993 3000 2102 3066 Audio
2125 2999 2256 3084 diligen·

273 3085 468 3151 Pharisaeos
490 3087 603 3151 durius
625 3095 753 3167 tractat,
781 3107 841 3152 neo
861 3098 1001 3171 parcunt
1023 3089 1160 3172 apostoli
1180 3090 1242 3152 im·
1294 3098 1361 3152 torn
1389 3088 1489 3154 fuisse
1517 3090 1553 3153 in
1583 3088 1799 3153 concionibus
1849 3087 1916 3154 Sed
1944 3086 2093 3152 nondum
2122 3087 2256 3170 aliquem

274 3172 399 3253 probis:
433 3180 471 3236 ut
499 3173 648 3237 feruutur
676 3172 870 3254 prophetae,
903 3195 955 3239 res
984 3175 1137 3256 loquitur.
1174 3172 1241 3240 Sed
1293 3175 1440 3239 conveni.
1485 3173 1569 3239 Vale
1595 3175 1677 3239 bene
1702 3194 1777 3239 cum
1794 3172 1857 3256 piis
1874 3172 2035 3251 omnibus,
2058 3173 2160 3237 fratre
2184 3172 2256 3237 Nor·

274 3257 386 3321 videre
407 3267 457 3322 est
478 3258 533 3322 ubi
555 3257 703 3341 discipuli
726 3259 889 3324 duriorem
912 3261 1005 3324 aiunt
1026 3280 1097 3326 esse
1119 3280 1241 3325 sermo-
1292 3261 1428 3337 mundio,
1456 3259 1646 3339 Moreiione,
1674 3258 1826 3338 Reducis,
1853 3260 1976 3326 Triecio
2002 3269 2037 3322 et
2058 3258 2255 3341 reliquique

273 3364 349 3407 nem
378 3355 412 3407 et
443 3340 616 3426 indiguum
644 3344 757 3408 auditu
790 3352 825 3410 et
852 3365 952 3426 quum
985 3355 1053 3411 tam
1085 3345 1242 3428 improbis
1292 3353 1496 3430 praeteream
1526 3345 1665 3430 collegas
1691 3352 1724 3409 et
1753 3343 1905 3429 syndioos
1927 3366 2002 3411 cum
2018 3344 2083 3427 piis
2105 3344 2255 3409 senatori·

274 3429 380 3492 verbis
402 3427 586 3512 adiungunt
608 3430 798 3507 abitionem,
826 3429 980 3496 Christus
1007 3439 1134 3495 tantum
1162 3430 1242 3496 alios
1291 3432 1361 3498 bus.
1407 3429 1541 3517 Collega
1562 3440 1595 3495 te
1617 3431 1747 3496 salutat.
1792 3430 1945 3498 Neocomi
1969 3434 1998 3496 3.
2022 3429 2098 3495 Iulii
2124 3434 2212 3493 1557.

275 3514 428 3579 convenit
460 3535 501 3579 an
531 3513 619 3579 abire
649 3515 760 3581 velint.
804 3515 918 3580 Iudaei
947 3515 1023 3599 quid
1051 3537 1120 3581 non
1153 3517 1245 3599 digni

273 3610 369 3663 erant
386 3598 507 3676 audire,
527 3610 595 3664 tam
612 3601 767 3665 contrarii
784 3600 861 3668 fidei
878 3600 1053 3667 doctrinae.
1083 3601 1186 3667 Vides
1203 3611 1243 3667 ut
1901 3584 1993 3648 TU1¹⁸
2016 3583 2177 3648 Fssfelllffi·

194 3701 197 3706 ·
272 3684 396 3749 Paulus
413 3685 450 3748 in
468 3706 506 3748 ea
525 3705 620 3767 quam
642 3686 773 3771 scripsit
790 3686 831 3750 ad
848 3687 1016 3753 Romanos
1033 3700 1101 3752 tam
1119 3688 1242 3770 insigni

272 3770 418 3852 epistola,
440 3771 589 3835 intentus
606 3793 722 3837 causae
740 3774 888 3854 personis
905 3783 1026 3856 parcat,
1048 3773 1114 3837 imo
1136 3773 1241 3837 zelum

273 3855 486 3931 commendet,
505 3856 674 3921 scientiam
686 3856 855 3923 desideret.
885 3860 984 3924 Domi
1002 3880 1103 3942 quum
1114 3879 1242 3941 pugnes

273 3952 306 4005 et
327 3963 402 4006 cum
424 3941 587 4016 fratribus,
610 3963 731 4024 quaeso
752 3955 785 4008 te
803 3943 949 4009 hostibus
966 3965 1035 4009 rem
1054 3954 1182 4027 gratam
1201 3965 1241 4008 ne

273 4027 388 4091 leceris
409 4026 528 4092 fratres
557 4028 755 4094 insectando.
797 4028 863 4094 Sed
885 4030 995 4094 meriti
1016 4044 1102 4094 sunt.
1143 4029 1241 4108 Sauo,

273 4128 308 4177 et
329 4111 433 4193 plura.
466 4112 590 4176 Verum
612 4135 728 4178 causae
745 4136 809 4178 non
829 4113 990 4192 conducit,
1012 4135 1118 4197 neque
1140 4115 1243 4181 servit

273 4196 497 4263 aedificationi.
542 4198 629 4263 Sane
658 4208 715 4264 tua
739 4202 860 4283 scripta
883 4202 971 4265 inter
989 4200 1131 4285 plurima
1159 4222 1242 4284 quae

274 4285 425 4348 omnibus
454 4305 492 4347 ea
520 4283 662 4348 reddunt
694 4286 908 4368 suspicienda,
938 4287 1001 4352 hoo
1029 4308 1095 4352 nou
1124 4306 1243 4369 paucos
1727 4266 1824 4334 2⁶⁶⁰·

274 4383 384 4434 movet
406 4379 442 4433 ut
464 4369 575 4451 legant
596 4371 771 4435 studiosius
788 4381 821 4436 et
832 4373 957 4455 gratius
978 4372 1064 4455 quod
1086 4394 1151 4437 non
1174 4393 1243 4436 orn·

275 4455 330 4517 nia
352 4455 468 4536 imples
485 4470 521 4518 ut
544 4477 662 4536 posses,
686 4459 895 4522 insectatione
917 4458 1116 4534 Artichristi,
1139 4478 1243 4540 neque
1531 4437 1779 4504 FARELLUS
1808 4437 2025 4505 OAIJVINO·

277 4609 479 4619 m—

1382 4609 1494 4690 Sperot
1521 4630 1590 4674 cum
1621 4630 1691 4675 cum
1730 4609 1833 4675 Vireto
1868 4609 2048 4692 propediem
2080 4611 2251 4677 Neooomatt

274 4676 367 4747 2⁰5⁰·
376 4691 405 4758 1)
424 4693 460 4746 N·
476 4691 553 4773 2649.
821 4767 825 4776 ,
1294 4702 1469 4772 comarum,
1509 4695 1564 4759 abi
1597 4695 1736 4761 Domino
1760 4696 1909 4777 princeps
1936 4694 2047 4760 Barna
2076 4696 2175 4762 redae
2201 4694 2249 4761 ad·

376 4760 406 4825 2)
428 4760 479 4814 Oct
505 4778 584 4829 aspre
609 4765 780 4820 moderabat
805 4765 902 4820 labrom
930 4770 1026 4818 contra
1059 4762 1243 4832 Weatphelam
1291 4783 1402 4864 futura
1424 4787 1474 4847 335·

275 4830 376 4884 cdimm
395 4829 446 4895 (N.
464 4829 555 4896 2450).

377 4899 407 4960 3)
428 4899 501 4952 Eius
523 4901 621 4954 labrom
642 4902 794 4968 permonita
812 4903 941 4968 scriptum
959 4917 1014 4954 acc
1032 4901 1141 4969 legeret,
1159 4917 1193 4954 aa
1211 4917 1244 4955 ae

278 4967 538 5031 Fr·otrmfmdieaait
558 4968 710 5022 Conventus
728 4977 752 5023 et
776 4968 986 5025 Wormucicmia
1003 4972 1130 5038 colloquii
1151 4918 1244 5024 stedia
1294 4970 1450 5040 (Sequentia
1460 4969 1589 5024 Forellas·
1606 4969 1755 5038 adempsit
1774 4972 1804 5023 ia
1828 4969 1901 5024 colec
1917 4986 1958 5038 ep.
1980 4969 2136 5039 Balliopert'
2152 4966 2250 5023 odCal·

277 5042 302 5088 et
317 5037 424 5100 tractus
439 5037 623 5103 perferrebat.
1650 5041 1743 5093 vinum
1762 5039 1799 5093 Ν.
1813 5037 1904 5102 2649.)

379 5102 408 5167 4)
428 5122 482 5157 non
495 5122 557 5157 uero
568 5107 671 5160 Nostro
683 5109 731 5174 qai
747 5107 801 5159 sibi
817 5114 964 5174 reciperare
982 5109 1038 5160 iam
1055 5108 1146 5161 minae
1163 5109 1244 5160 ειιὶιηι

275 5175 364 5237 potuit
380 5190 459 5241 qaum
479 5181 567 5227 ortuo.

378 5243 405 5300 5)
423 5254 483 5294 cum
502 5242 577 5295 Bere
595 5245 626 5296 ia
646 5243 828 5296 demonum.
1396 5244 1426 5308 6)
1446 5245 1650 5300 Μανοὴιοιιίιεα
1668 5244 1701 5299 de
1719 5242 1854 5299 Rotbtiin.
