4778 5888
54 4330 58 4341 -
152 4284 247 4349 term
259 4279 477 4346 Mclooclrtbco
493 4282 720 4362 respectandum
741 4281 809 4346 eiua
830 4281 1046 4360 mafccsioaem
1065 4299 1120 4359 op-

151 343 212 404 341
556 340 570 367 ⁴
998 345 1077 405 1556
1099 338 1300 409 Dnoltlffl.
1827 396 1830 402 .
2078 349 2142 414 tta

151 529 283 610 inqua,
314 537 352 594 ut
372 527 519 610 publicae
541 529 614 610 psci
638 529 849 606 consulerem,
880 536 947 593 tam
970 527 1121 593 humani·
1257 527 1293 594 S.
1327 528 1380 593 De
1408 537 1495 595 statu
1522 531 1616 598 istius
1637 530 1790 599 ecclesiae
1803 533 1829 616 ¹)
1858 533 2015 599 admoniti
2045 545 2145 602 erant

151 623 203 681 tcr
230 613 407 680 Valeroodo
434 613 585 697 peperci?
625 613 759 680 Sedeo
786 613 1006 696 impudentiae
1027 613 1121 695 quasi
1173 613 1667 700 Franoofordiensesantequam
1688 628 1720 683 te
1735 627 1901 684 vocarent:
1924 640 2029 704 neque
2050 630 2139 687 recte

152 700 347 785 praecipites
377 700 431 782 agi
459 700 612 781 oportuit,
643 722 683 764 ue
706 700 814 766 fallaci
840 719 937 782 quam
962 699 1121 764 hactenns
1172 720 1277 780 neque
1295 700 1496 765 considerate
1517 699 1639 767 sactum
1661 703 1702 768 ab
1722 702 1789 769 illis
1810 711 1859 769 est
1881 704 1967 786 quod
1987 705 2065 770 inde
2085 707 2140 770 in·

151 793 343 870 praetexere
370 786 483 849 soliti*
511 785 673 866 gravitate
701 786 841 867 amplius
869 784 1030 849 fallerent.
1074 784 1120 848 Et
1172 785 1369 867 tempestiva
1397 785 1553 851 electione
1583 795 1616 851 te
1643 787 1802 854 abducere
1828 796 2014 854 tentarunt·
2051 791 2139 856 Nam

152 879 241 938 carte
269 879 332 936 cos'
352 870 392 934 ad
422 869 590 933 virulenti·
605 869 694 935 illius
720 871 831 953 scripti
841 872 869 946 ²)
899 869 1120 935 recitationem
1172 878 1210 933 ut
1242 868 1333 933 nulla
1355 891 1430 951 spes
1458 870 1555 935 detur
1571 873 1759 940 retinendae
1776 875 1848 938 istic
1868 875 2064 954 ecclesiolae,
2086 877 2136 940 ni-

153 956 283 1022 admitti
306 977 370 1020 non
381 954 517 1021 decebat
527 954 628 1020 donec
645 954 789 1039 legisses.
824 954 890 1020 Sed
912 976 1012 1036 quum
1033 954 1120 1018 obla·
1172 954 1220 1018 hil
1242 965 1352 1019 tamen
1370 955 1497 1037 turpius
1514 976 1612 1038 quam
1634 960 1719 1023 tanti
1740 959 1895 1024 momenti
1912 980 2042 1025 causam
2063 980 2140 1042 pro-

154 1044 243 1107 taab
264 1042 344 1124 ipsis
366 1052 452 1105 esset
473 1040 615 1105 conditio
638 1041 780 1106 maxime
801 1039 959 1123 optabilis,
977 1060 1049 1105 cam
1072 1040 1120 1103 ni·
1172 1038 1248 1104 dere
1276 1056 1331 1103 tuo
1368 1039 1521 1105 discessu.
1570 1041 1685 1124 Itaque
1712 1064 1880 1125 nunquam
1907 1044 1966 1109 tibi
1995 1044 2138 1110 abeundi
2221 1075 2225 1081 ·

154 1128 218 1192 mis
249 1127 368 1210 cupide
397 1127 557 1208 arripiens
582 1147 647 1190 non
678 1127 757 1191 satis
784 1125 825 1191 ad
857 1124 1018 1191 cavendas
1039 1146 1121 1208 quac
1173 1133 1266 1189 autor
1298 1145 1401 1189 essem
1435 1125 1535 1190 donec
1563 1126 1685 1211 aliquid
1714 1130 1926 1194 constitutum
1946 1130 2053 1193 fuerit.
2097 1128 2136 1195 Si

153 1213 301 1278 latebant
327 1210 460 1278 insidias
492 1211 582 1276 fuisti
611 1219 764 1276 attentus.
805 1212 908 1277 Miror
935 1221 1044 1275 autem
1065 1232 1122 1277 ex·
1172 1210 1249 1291 quid
1270 1210 1464 1293 respondeat
1488 1209 1695 1292 Philippeo
1718 1214 1817 1296 (quod
1840 1222 1926 1278 certe
1947 1214 2011 1278 nisi
2032 1213 2136 1278 liben-

154 1299 281 1380 cmplar
301 1319 368 1363 non
397 1298 497 1362 fuisse
526 1297 582 1362 abs
611 1309 644 1361 te
665 1298 809 1375 missum,
831 1298 996 1379 quierem
1019 1305 1120 1359 totam
1172 1306 1223 1359 ter
1254 1295 1353 1361 faciat
1373 1295 1496 1377 pudore
1523 1296 1639 1361 saltem
1661 1302 1808 1382 cogetur)
1831 1319 1896 1363 non
1913 1299 2045 1364 audebit
2062 1297 2161 1365 doc-³

154 1386 254 1466 probe
272 1392 384 1448 tenere
402 1403 475 1446 mea
492 1384 637 1447 interest.
1172 1382 1293 1444 trinam
1323 1391 1412 1444 tuam
1439 1381 1636 1463 improbare:
1664 1385 1729 1448 imo
1757 1385 1822 1450 nisi
1843 1384 2036 1449 confessioni
2059 1377 2157 1450 tuae¹

241 1468 365 1534 Electio
395 1467 597 1547 Francisci³)
627 1467 688 1532 hoc
718 1467 793 1530 mihi
821 1467 952 1530 nomine
974 1465 1122 1547 displicet
1172 1465 1353 1530 subscribat
1374 1467 1526 1530 mirabor.
1571 1465 1716 1546 Quodsi
1740 1468 1826 1533 mala
1847 1465 1911 1533 fide
1932 1489 1967 1534 se
1989 1470 2136 1552 gesserit,

154 1553 242 1638 quod
265 1554 305 1618 ab
327 1553 524 1631 castratione,
546 1553 580 1617 in
601 1573 665 1634 qua
686 1552 907 1617 nunolocatns
928 1553 1025 1631 est,⁴)
1048 1551 1120 1615 abs·
1172 1552 1290 1615 sentiet
1318 1552 1432 1616 acriori
1462 1573 1535 1617 cum
1565 1552 1659 1618 hoste
1676 1553 1737 1617 sibi
1758 1554 1827 1618 sore
1848 1556 2015 1637 negotium
2038 1575 2137 1636 quam

154 1639 243 1704 trabi
266 1660 371 1722 neque
384 1638 556 1703 honestum
576 1651 740 1720 estneque
762 1638 850 1711 utile,
874 1637 974 1702 donec
995 1636 1119 1700 exitum
1172 1637 1329 1701 hactenus
1354 1645 1507 1719 expertus
1536 1638 1588 1701 sit.
1638 1638 1769 1703 Interea
1790 1649 1978 1722 exspectare
1999 1639 2058 1704 tibi
2080 1661 2137 1705 na·

156 1725 298 1806 aliquem
327 1723 477 1789 habuerit
504 1744 599 1788 causa
627 1723 802 1805 illaquam
825 1723 972 1787 sustinet
1019 1721 1121 1785 Cuius
1171 1742 1260 1786 cesse
1282 1721 1343 1785 fuit
1363 1742 1514 1803 quorsum
1545 1744 1597 1788 res
1629 1722 1768 1788 caderet.
1811 1723 1935 1789 Verum
1968 1726 2045 1806 quia
2070 1725 2138 1790 iam

154 1811 285 1894 pondus
315 1832 334 1874 a
361 1808 452 1874 vobis
482 1830 545 1872 non
568 1809 648 1874 satis
669 1829 850 1890 expensum
870 1817 930 1884 est,
952 1808 1015 1871 nisi
1038 1808 1120 1870 lorte
1171 1807 1260 1872 haud
1283 1805 1378 1873 dubie
1399 1808 1497 1872 rediit
1517 1809 1667 1885 nuncius,
1685 1809 1772 1874 unde
1794 1809 1915 1892 aliquid
1937 1817 2139 1875 transactum

155 1916 216 1960 vos
245 1895 340 1959 latuit
366 1893 451 1976 quod
479 1895 548 1977 ipsc
570 1894 651 1958 mihi
672 1895 853 1975 scripserat.
898 1895 1070 1958 Caeterum
1093 1892 1121 1956 si
1172 1914 1243 1957 esso
1269 1892 1414 1968 coniieio,
1446 1892 1540 1958 modo
1562 1893 1602 1958 ab
1623 1893 1685 1960 hae
1707 1904 1798 1976 parte
1819 1894 1902 1959 liber
1924 1896 1978 1973 sis,
2001 1915 2067 1959 non
2089 1897 2139 1960 vi·

155 1978 328 2063 expeditus
349 1980 448 2044 fuerit
469 1980 522 2045 hic
543 1979 656 2056 nodus,
679 1979 813 2042 minime
834 1976 1029 2042 tardandum
1051 1997 1122 2042 esse
1172 1977 1230 2043 deo
1253 1999 1311 2043 cur
1327 1978 1385 2043 tibi
1404 1976 1594 2061 refugienda
1611 1980 1654 2043 sit
1671 1980 1902 2063 quacoffertur
1923 1981 2057 2045 vocatio.
2092 1981 2139 2044 Te

156 2085 273 2130 censeo
305 2066 382 2146 quin
409 2086 485 2129 mox
508 2065 549 2128 ad
571 2064 720 2129 ferendas
743 2065 802 2128 tibi
824 2066 989 2147 suppetias
1011 2083 1121 2128 accur·
1173 2063 1325 2129 ecclesiae
1346 2063 1525 2128 Dmbdcnsi
1546 2065 1735 2129 obstrictum
1758 2086 1828 2131 esse
1849 2067 1992 2146 patriast)
2037 2067 2139 2146 Atqui

156 2161 218 2216 rat.
263 2150 384 2215 Fidum
409 2150 497 2214 enim
525 2149 585 2215 tibi
617 2149 796 2214 adiutorem
826 2150 894 2214 fore
915 2169 982 2212 non
1000 2148 1121 2226 dubito,
1171 2147 1298 2231 pridem
1319 2149 1396 2229 quid
1425 2171 1484 2233 ogo
1507 2149 1547 2214 de
1578 2151 1728 2231 pactione
1748 2150 1805 2215 ills
1825 2150 1980 2215 sentirem
2001 2150 2061 2214 tibi
2082 2172 2139 2215 ex·

155 2244 194 2301 et
213 2234 380 2319 placandis
403 2236 578 2299 multomm
607 2235 724 2300 animis
744 2236 850 2317 aptior
871 2235 933 2298 erit
953 2255 1050 2317 quam
1072 2235 1122 2297 in·
1173 2235 1274 2315 posui.
1316 2233 1352 2298 Si
1381 2235 1509 2299 futurae
1539 2235 1717 2301 vocationis
1750 2256 1824 2317 spes
1852 2257 1919 2300 non
1946 2243 2057 2300 teneat
2084 2256 2138 2300 su-

156 2321 307 2405 cognitus
340 2321 508 2402 quispiam.
559 2321 702 2384 Tametsi
737 2320 778 2384 D.
814 2320 988 2402 Oiaaburpo
1020 2340 1123 2400 nuper
1174 2340 1315 2401 spensos,
1338 2341 1502 2402 nunquam
1525 2321 1697 2404 qnisquam
1718 2322 1891 2385 stationem
1913 2321 1948 2384 in
1969 2341 2033 2402 qua
2054 2319 2138 2385 loca·

155 2415 270 2471 vestra
297 2427 394 2471 causa
414 2407 616 2489 scripseram,
642 2427 730 2471 nunc
754 2415 863 2470 tamen
886 2425 1024 2488 pravum
1041 2403 1123 2468 illud
1174 2415 1228 2468 tus
1256 2415 1306 2469 est
1332 2405 1397 2467 fixo
1425 2405 1507 2486 pede
1535 2405 1694 2470 tuebitur:
1721 2427 1825 2488 neque
1854 2426 1993 2490 aequum
2014 2405 2078 2469 fuit
2098 2403 2139 2469 ab

156 2493 323 2558 seniorum
352 2493 476 2556 facinus
511 2511 629 2555 novam
654 2491 824 2555 materiam
853 2491 935 2555 mibi
963 2489 1122 2572 praebuit.
1174 2489 1239 2554 illis
1259 2499 1291 2553 te
1314 2490 1421 2572 rogari
1439 2490 1516 2554 dum
1539 2511 1591 2554 res
1613 2511 1723 2556 eorum
1741 2491 1847 2556 adhuc
1869 2491 2012 2556 incertae
2034 2498 2138 2566 erant,

156 2577 196 2643 Si
223 2577 301 2659 qnid
322 2577 407 2658 apud
435 2598 511 2642 eum
532 2577 634 2654 valeo,
657 2576 789 2658 posthac
811 2574 975 2641 faventem
998 2585 1028 2639 et
1049 2594 1122 2657 pro-
1176 2595 1216 2638 ne
1238 2572 1316 2637 alibi
1338 2585 1428 2639 tuam
1451 2595 1582 2657 operam
1606 2575 1780 2653 addiceres,
1803 2596 1908 2659 neque
1931 2575 1990 2640 tibi
2007 2576 2142 2659 promit·

155 2663 275 2746 pitium
305 2663 433 2727 senties.
473 2661 566 2739 Vale,
594 2662 803 2745 integerrime
827 2660 937 2725 frater.
972 2660 1014 2737 D,
1037 2658 1122 2725 Hor-
1174 2671 1242 2724 tere
1270 2660 1363 2725 licuit
1389 2659 1474 2741 quod
1504 2660 1561 2724 tibi
1583 2680 1742 2725 remoram
1760 2661 1892 2726 afferret
1913 2661 1941 2725 si
1963 2680 2062 2744 opera
2083 2669 2140 2725 tua

154 2769 233 2814 num
253 2747 359 2812 saluta
380 2747 558 2830 plurimum
579 2768 651 2811 meo
672 2748 812 2824 nomine,
835 2753 868 2810 et
888 2767 966 2828 roga
988 2754 1026 2809 ut
1047 2764 1122 2810 suos
1174 2745 1386 2828 flagitaretur.
1431 2745 1502 2808 Iam
1524 2766 1600 2811 vero
1618 2767 1683 2809 non
1705 2755 1756 2811 cst
1776 2768 1834 2811 cur
1855 2747 1890 2810 in
1912 2755 2006 2810 tanta
2015 2745 2138 2811 Franc-

155 2853 284 2916 quoqac
306 2833 478 2915 populares
499 2832 625 2896 salutet.
655 2830 817 2897 Dominus
834 2841 868 2895 te
884 2850 1012 2912 semper
1028 2837 1123 2912 regat
1174 2831 1345 2895 fordicnsis
1363 2828 1515 2896 ecclesiae
1533 2831 1724 2896 necessitate
1741 2830 1802 2895 sibi
1825 2833 1930 2914 magis
1951 2831 2139 2896 consultum

154 2940 216 2985 suo
242 2919 360 3000 spiritu
388 2916 595 3001 laboremque
622 2927 715 2983 tuum
742 2914 919 2983 benedicat.
970 2914 1122 2999 Collegae
1175 2915 1287 2980 velint.
1332 2914 1399 2994 Qui
1432 2936 1486 2980 eos
1514 2913 1627 2982 doceat
1656 2914 1776 2998 probus
1799 2916 1917 2998 aliquis
1945 2927 1978 2980 et
2005 2916 2140 2981 idoneus

153 3004 221 3069 mei
241 3004 301 3069 tibi
319 3004 493 3086 plurimam
509 3003 646 3068 salutem
668 3011 852 3085 precantur.
886 2998 976 3065 Idem
999 3001 1124 3065 faciunt
1174 3001 1323 3064 minister
1358 3001 1545 3081 reperietur.
1600 3000 1638 3066 Si
1668 2999 1956 3066 Fraucfordicnses
1990 3000 2138 3086 negligas

153 3090 273 3173 reliqui
294 3090 399 3165 amici,
421 3088 610 3171 praesertim
623 3096 727 3153 totum
749 3086 932 3152 sodalitium
944 3085 1029 3167 quod
1049 3085 1123 3150 istic
1174 3105 1313 3168 magnus
1342 3085 1508 3149 turbarum
1538 3094 1653 3163 motus,
1683 3086 1748 3150 imo
1777 3095 1865 3151 certa
1886 3084 1994 3151 clades
2015 3086 2140 3169 impen-

153 3174 277 3241 vidisti.
321 3174 477 3239 Genevae
499 3177 550 3238 21.
571 3173 762 3239 Decembris
786 3177 875 3236 1556.
1174 3170 1237 3234 det.
1277 3170 1424 3234 ¹Tantum
1453 3169 1527 3235 vide
1553 3190 1595 3233 ne
1616 3170 1724 3235 locum
1744 3177 1836 3236 tuum
1855 3169 1985 3235 deseras
2006 3171 2070 3236 nisi
2091 3171 2139 3236 le-

1174 3255 1290 3338 gitima
1311 3256 1437 3319 ratione
1466 3255 1594 3320 solutus
1615 3274 1652 3320 ao
1673 3254 1763 3320 liber.
1801 3256 1883 3319 Eam
1907 3276 1984 3321 vero
2005 3255 2139 3321 liberte-

1174 3350 1238 3404 tem
1265 3340 1398 3421 perinde
1427 3341 1536 3423 accipe
1564 3361 1602 3406 ac
1629 3340 1657 3404 si
1681 3341 1773 3405 Dens
1800 3340 1961 3405 laboranti
1983 3340 2138 3406 ecclesiae

535 3465 738 3475 ---—
1172 3423 1436 3490 Franct'ordiensi
1459 3446 1647 3492 succurrere
1668 3425 1806 3491 iuberet.
1827 3425 1922 3504 Vale,
1946 3426 2065 3491 eximie
2083 3426 2144 3491 vir.

1172 3521 1205 3575 ct
1226 3510 1391 3575 carissime
1401 3511 1510 3576 frater.
1544 3509 1695 3594 Collegae
1707 3512 1803 3576 etiam
1825 3512 1889 3575 mei
1912 3509 2134 3593 teplurimum

1027 3638 1029 3645 ·
1171 3596 1323 3661 salutant.
1357 3596 1519 3660 Dominus
1540 3596 1599 3661 tibi
1610 3595 1703 3674 adsit,
1726 3596 1843 3679 spiritu
1853 3597 2047 3680 prudentiae
2067 3617 2135 3662 rec-

593 3700 692 3770 2534·
1171 3678 1320 3745 titudinis
1342 3680 1466 3745 consilii
1488 3689 1522 3746 et
1531 3680 1730 3745 fortitudinis
1747 3680 1914 3765 gubernet,
1938 3703 2060 3764 suaque
2081 3681 2136 3750 bc·

1058 3815 1060 3819 .
1171 3765 1355 3831 nedicticne
1384 3766 1487 3849 magis
1520 3785 1557 3829 ao
1589 3766 1694 3850 magis
1727 3778 1853 3851 augeat.
1897 3767 2052 3833 Genavac
2085 3771 2136 3833 21.

352 3853 585 3921 GALVINUS
604 3852 923 3920 PERRUOELLO.
1170 3851 1361 3916 Decembris
1389 3857 1478 3914 1556.

244 4026 396 4107 Qacomis
404 4026 588 4090 mentionem
600 4024 1119 4106 Francofordienscminopportuno
1170 4055 1263 4108 Μ,
1274 4056 1299 4114 1)
1324 4054 1485 4109 mmm
1502 4055 1536 4119 cf·
1555 4053 1594 4108 N,
1611 4053 1680 4108 2535
1697 4061 1722 4109 ,ι
1738 4052 1814 4108 2544,

151 4112 410 4193 respectantem
432 4131 497 4176 esce
515 4115 633 4188 comta,
650 4115 752 4176 iumen
773 4111 802 4174 ci
822 4115 912 4173 autor
932 4113 977 4173 est
995 4114 1030 4172 ui
1050 4128 1119 4173 eam
1272 4124 1302 4184 21
1322 4122 1366 4176 Dc
1390 4122 1607 4177 Meloacbthonia
1629 4138 1746 4191 repostae
1763 4123 1824 4177 cide
1840 4123 1906 4179 ibid
1923 4129 1949 4176 ct
1968 4121 2047 4190 corp.
2066 4120 2137 4189 aaa.

152 4218 216 4265 noa
244 4197 396 4277 refugiat,
423 4197 492 4275 ipso
518 4200 603 4260 aare
631 4196 771 4261 cmlecioe
794 4194 830 4258 id
854 4195 1022 4276 fiapitante.
1066 4192 1120 4257 Ia·
1171 4198 1196 4246 er
1212 4190 1369 4312 1111311011·
1388 4190 1432 4312 HN
1459 4256 1526 4312 Μ
1633 4259 1651 4312 b
1677 4254 1752 4312 Μ
1834 4257 1882 4313 M
2043 4257 2084 4310 d,
2110 4266 2114 4271 ⁴

277 4369 283 4380 .
346 4368 352 4379 .
433 4368 439 4380 .
725 4366 730 4379 .
923 4366 929 4378 .
982 4366 988 4379 .
1172 4261 1302 4407 reclames)
1317 4260 1379 4380 51115
1404 4265 1942 4408 Ιιόιιιίιίιοίι111οιὀωιιιςιιέεέια0111111111Γ
1945 4271 2138 4405 lffrilcceiqdd

148 4367 304 4452 ΨΜ
323 4386 375 4431 sm
394 4387 509 4442 mimi
536 4367 638 4431 mm
657 4365 731 4446 fidel
752 4386 820 4430 em
837 4364 1007 4447 11097111θῦ11·
1171 4403 1214 4449 ιιι
1231 4395 1309 4448 haras
1321 4394 1595 4461 (Francofurtensca)
1606 4397 1734 4451 ecclcsiae
1752 4411 1784 4448 ae
1800 4396 1896 4447 turbae
1915 4394 2089 4462 reqarrcbsnt
2106 4400 2141 4447 ιιι

1172 4481 1225 4545 qno
1243 4465 1268 4517 ei
1284 4479 1466 4543 succurrerem
1481 4464 1598 4517 reditum
1616 4469 1812 4544 anteverterem
1826 4463 1958 4518 tabellarii
1974 4463 2035 4544 mci.
2062 4461 2134 4544 chi

362 4536 415 4603 (01.
433 4552 502 4605 quae
519 4536 705 4589 annotavimus
722 4535 756 4587 ad
775 4535 810 4594 N.
827 4534 917 4601 2561.)
1171 4542 1270 4602 reaque,
1293 4531 1375 4600 idque
1393 4546 1425 4584 cx
1444 4547 1574 4585 consensu
1593 4549 1777 4612 universorum
1796 4532 1908 4585 fratrum
1926 4530 2134 4612 Vosalrensrum.

1171 4600 1991 4739 lttttt‘lttrmtttttttt'lttlttt‘tttttttl
2007 4599 2135 4722 {titt

259 4758 277 4811 2
309 4757 371 4813 „mg
395 4755 516 4825 mma,
542 4762 596 4811 „og
619 4757 643 4810 g,
685 4756 779 4810 pm„
801 4754 835 4809 a,
860 4752 968 4808 parm
989 4754 1122 4809 Anum
1172 4739 1203 4792 D.
1221 4737 1324 4791 Calvini
1341 4735 1406 4790 mihi
1425 4737 1517 4790 attufit
1540 4737 1686 4798 consilinm,
1711 4736 1783 4805 quod
1801 4743 1861 4791 erat
1879 4745 1910 4790 ut
1926 4736 1989 4791 huic
2007 4737 2135 4792 ecclesiae

154 4828 220 4885 adp,
282 4827 398 4895 mth‘
417 4825 545 4893 pmq'lfflg
568 4824 711 4880 mulium
734 4839 822 4892 mppr
844 4824 974 4891 θαψίνῃ
990 4824 1029 4876 ad
1044 4838 1121 4877 ma.
1171 4815 1347 4861 11111118161111111
1366 4803 1519 4859 (dedicarem
1537 4821 1634 4859 meum.

152 4905 213 4954 m
233 4896 348 4960 mesot.
365 4900 460 4955 (noua
477 4893 598 4960 antea
614 4891 674 4949 aa
692 4892 759 4947 Hdl.
775 4892 812 4946 11.
827 4889 892 4955 217)
909 4893 958 4945 otc
973 4892 1123 4959 cogitamus
1160 4910 1164 4921 ⁴

262 4965 293 5019 id
315 4980 350 5018 m.
374 4962 453 5018 Maio
477 4960 545 5014 1551
563 4961 667 5016 demam
682 4961 825 5029 prodierit,
848 4960 906 5014 aiei
922 4965 1040 5014 statuere
1056 4960 1123 5014 celia

152 4982 282 5091 wia
307 5032 493 5100 mcoaacriptc
515 5036 595 5085 antec
617 5031 755 5099 prolatum
776 5029 871 5095 [abac.
910 5027 952 5092 G!-
967 5029 1121 5095 proximam

152 5101 298 5159 Romae.

258 5169 286 5229 6)
305 5167 460 5223 Pensm,

256 5237 286 5303 4)
304 5252 348 5305 cp.
372 5235 545 5291 Veaalc'ensec.
