4778 5888
181 339 244 401 359
1016 324 1247 396 EPIS'POLA
1269 330 1351 392 2572
2120 333 2188 396 360

168 543 266 591 resse.
312 521 370 588 Sic
390 519 571 588 verendum
593 540 636 584 ne
664 519 719 584 isti
747 518 833 584 cauti
856 528 889 584 et
917 516 1064 583 maledici
1087 516 1157 582 Lu·
1295 514 1362 581 Sed
1391 518 1555 582 nescimus
1587 519 1746 601 quomodo
1779 518 1927 603 allegatis
1955 518 2063 582 locum
2086 518 2188 583 Pauli

183 608 317 674 therani
357 606 465 673 dicant
502 606 638 683 Ivones,
675 602 859 681 (labasilas,
896 602 1158 681 Panormitanos,
1210 603 1369 668 Actorum
1388 606 1439 666 20.
1459 623 1526 685 cap.
1547 607 1602 686 qui
1625 603 1760 683 dicebat,
1782 606 1855 670 Non
1878 604 2185 685 enim‘subterfugi,

185 692 427 777 Speculatores,
456 699 489 756 et
510 698 656 756 caeteros
676 689 759 754 tales
787 690 888 754 fuisse
909 709 1021 754 omnes
1044 687 1158 773 Syros,
1209 689 1384 768 quominus
1406 691 1640 755 annunciarem
1670 711 1767 755 omno
1794 689 1963 755 consilium
1987 689 2050 753 Dei
2080 689 2185 753 vobis.

187 800 247 847 nec
268 778 403 844 scivisse
424 775 502 858 quid
529 776 573 840 sit
592 775 785 859 belligerare
806 795 866 857 per
891 773 1036 856 gladium
1057 774 1157 852 verbi,
1209 772 1295 853 Quia
1316 774 1372 837 isti
1388 773 1568 839 Lutherani
1593 775 1705 840 dicunt
1727 776 1818 840 illum
1841 775 1948 840 locum
1966 775 2101 838 militari
2123 796 2186 856 pro

188 873 244 929 aut
275 863 388 928 docere
421 869 551 926 sanctas
584 859 781 942 Scripturas.
837 860 996 925 Fatemur
1027 859 1158 941 quidem
1208 859 1303 941 ipsis:
1333 860 1485 941 quoniam
1515 861 1542 924 si
1563 861 1687 925 Paulus
1717 862 1889 927 consilinm
1917 881 2012 924 omne
2036 861 2101 924 Dei
2123 883 2186 924 an-

187 949 272 1033 quod
298 970 363 1013 non
391 948 545 1013 debemus
572 967 687 1012 curare
713 947 858 1027 ipsorum
884 946 1065 1010 irrisiones:
1100 945 1157 1009 sed
1208 945 1385 1019 nunciavit,
1406 945 1489 1008 nihil
1507 946 1647 1028 amplius
1660 947 1890 1029 requirendum
1902 958 1960 1018 est,
1979 946 2062 1009 nihil
2082 947 2186 1010 etiam

187 1045 295 1099 tamen
317 1034 353 1098 in
375 1039 534 1116 quantum
556 1033 628 1096 fieri
655 1038 777 1114 potest,
808 1031 915 1095 omnis
937 1031 1061 1097 occasio
1083 1030 1157 1093 irri-
1209 1028 1409 1094 addendum:
1433 1040 1467 1094 et
1489 1031 1602 1096 dicunt
1623 1033 1751 1113 eosqui
1774 1035 1897 1095 iactant
1919 1054 1953 1094 se
1977 1032 2100 1095 habere
2123 1032 2186 1095 ali·

187 1120 285 1186 dandi
315 1128 347 1184 θῖ
374 1117 589 1183 maledicendi
623 1125 673 1182 θεῖ
701 1117 781 1200 ipsis
813 1115 998 1181 auferenda.
1043 1114 1157 1195 Quum
1208 1136 1306 1195 quam
1328 1136 1447 1181 novam
1478 1117 1729 1196 revelationem,
1761 1118 1842 1182 velle
1865 1137 1934 1181 esse
1964 1117 2187 1198 sapientiores

187 1216 297 1271 autem
319 1204 421 1270 vultis
442 1203 580 1286 probare
602 1200 687 1285 quod
716 1202 870 1266 authores
891 1223 972 1284 quos
999 1202 1156 1286 allegatis,
1210 1201 1317 1265 Panlo.
1363 1199 1475 1282 Quare
1498 1203 1724 1267 maluissemus
1747 1226 1767 1267 a
1790 1204 1881 1268 vobis
1903 1202 2054 1267 relictum
2086 1202 2186 1266 illum

185 1299 263 1357 sunt
288 1289 483 1368 authentici,
513 1309 573 1352 vos
601 1285 760 1353 adducitis
788 1288 1014 1352 testimonium
1043 1308 1157 1351 eorum
1208 1287 1324 1365 locum,
1343 1307 1439 1369 quem
1457 1289 1541 1352 male
1560 1289 1728 1371 applicatis
1748 1299 1874 1354 vestrae
1893 1308 2062 1370 personae.
2095 1289 2187 1351 Nam

185 1373 836 1460 quimultominnshabentauthoritatis.
872 1372 1155 1452 Quemadmodum
1210 1393 1266 1436 vos
1289 1371 1396 1437 facitis
1417 1372 1460 1437 de
1480 1396 1517 1438 eo
1546 1375 1781 1456 praelationem
1808 1375 1849 1437 nd
1872 1375 2094 1437 narrationem
2120 1376 2186 1436 mi-

185 1459 460 1545 adprobandum,
483 1458 804 1541 quodDamasoenus
825 1458 887 1522 fuit
905 1458 1023 1541 gravis·
1037 1458 1158 1522 author
1209 1458 1392 1523 raculorum
1419 1458 1638 1541 quorundam,
1669 1481 1751 1541 quae
1774 1481 1831 1541 pro
1860 1460 1980 1523 fabulis
2007 1459 2185 1537 habentur,

185 1555 218 1613 θῖ
240 1568 379 1630 magnus
401 1544 581 1629 theologus,
603 1566 661 1610 vos
683 1544 832 1627 allegatis
849 1542 995 1619 Suidam,
1018 1544 1073 1626 qui
1095 1544 1157 1607 fuit
1209 1551 1242 1607 et
1263 1545 1391 1608 iactatis
1415 1565 1471 1609 vos
1493 1544 1599 1610 facere
1622 1546 1706 1609 siout
1727 1546 1852 1610 Paulus
1875 1545 1959 1610 fecit.

186 1633 423 1718 grammatista,
454 1639 487 1694 ot
508 1632 563 1713 qni
592 1631 662 1695 sine
690 1628 810 1696 iudicio
833 1630 948 1694 recitat
968 1629 1089 1693 multas
1108 1630 1157 1692 fa·

187 1719 288 1785 bulas.
332 1718 507 1782 Praeterea
535 1717 758 1781 testimonium
779 1715 866 1797 qnod
893 1714 923 1778 ei
951 1713 1059 1779 reddit
1079 1713 1156 1779 Sui-

186 1806 259 1882 das,
291 1804 397 1887 magis
426 1802 570 1885 pertinet
600 1801 641 1865 ad
669 1799 909 1884 philosophiam
932 1811 966 1865 et
987 1800 1156 1878 musicam,
1484 1800 1527 1864 In
1549 1801 1685 1873 'Pontum
1710 1799 1898 1867 secundum.

184 1910 281 1973 quam
304 1889 345 1953 ad
367 1887 619 1970 intelligentiam
644 1884 901 1968 Scripturarum.
945 1886 991 1950 Et
1012 1887 1058 1949 ita
1079 1886 1156 1950 Gal-

183 1977 312 2040 vinates
334 1973 443 2038 dicent
465 1994 524 2037 vos
552 1971 688 2056 probare
711 1971 797 2054 quod
825 1972 894 2053 ipse
921 1970 1004 2036 bene
1026 1972 1157 2054 scripsit
1293 1970 1576 2050 Quemadmodum
1610 1973 1722 2049 selene,
1755 1987 1789 2036 ot
1820 1972 1987 2036 ferventer
2020 1970 2187 2054 arguendi

183 2063 218 2125 in
239 2055 409 2142 theologia,
431 2059 507 2140 quia
529 2069 600 2122 erat
622 2058 726 2122 bonus
748 2059 901 2121 musicus.
1208 2065 1284 2119 sunt
1317 2055 1506 2132 adversarii,
1542 2058 1588 2121 ita
1620 2058 1857 2139 providendum
1888 2079 1927 2121 ne
1957 2077 1994 2120 ea
2023 2079 2110 2138 quae
2145 2060 2185 2122 ab

268 2147 386 2229 Longa
402 2144 547 2208 narratio
557 2143 801 2216 miraculorum,
819 2163 918 2224 quam
936 2143 1051 2219 facitis,
1071 2152 1157 2207 esset
1207 2142 1286 2223 ipsis
1307 2142 1389 2206 bene
1412 2143 1498 2208 dicta
1520 2152 1606 2221 sunt,
1629 2144 1854 2208 indifferenter
1876 2164 2124 2226 persequamur,
2149 2164 2186 2207 ae

183 2232 289 2314 magis
310 2230 444 2314 propria
464 2227 506 2293 ad
528 2228 700 2293 dicendum
724 2249 833 2293 coram
861 2228 1044 2308 plebecula,
1073 2250 1156 2310 quae
1207 2228 1234 2291 si
1257 2228 1344 2291 mala
1357 2242 1474 2292 essent.
1510 2227 1598 2308 Quia
1620 2231 1665 2294 siu
1688 2228 1842 2304 faciendo,
1866 2228 2054 2292 videremur
2075 2228 2185 2293 insoc-

182 2318 323 2382 multum
342 2313 463 2398 gaudet
484 2314 604 2379 talibus
621 2315 873 2390 narrationibus,
896 2335 994 2395 quam
1012 2313 1053 2376 ad
1076 2314 1155 2379 scri·
1206 2313 1268 2376 tari
1292 2334 1455 2394 personas,
1482 2322 1516 2377 et
1537 2315 1688 2396 quicquid
1711 2316 1745 2378 in
1775 2315 1854 2396 ipsis
1876 2322 1934 2392 est,
1964 2315 2034 2378 sive
2057 2313 2186 2378 bonum

182 2402 327 2467 bendum
350 2403 386 2465 in
408 2399 502 2477 libro,
524 2399 733 2482 quammulti
751 2400 862 2464 nasuti
880 2398 991 2463 videre
1008 2407 1154 2482 possunt.
1207 2399 1276 2462 sive
1306 2399 1438 2476 malum,
1469 2399 1561 2464 uobis
1590 2400 1774 2482 displicere,
1804 2421 1864 2464 nee
1893 2420 1988 2481 posse
2010 2398 2185 2481 quidpiam

183 2490 245 2552 Est
276 2497 387 2551 autem
420 2506 525 2550 unum
554 2486 756 2563 miraculum,
790 2484 877 2566 quod
909 2486 994 2548 inter
1027 2494 1155 2550 caetera
1206 2484 1292 2548 ferre
1310 2484 1395 2567 quod
1418 2485 1458 2549 ab
1481 2486 1560 2565 ipsis
1582 2486 1744 2569 procedat.
1778 2485 1941 2549 Finaliter
1958 2506 2073 2550 omnes
2096 2485 2186 2550 iudi·

183 2575 291 2638 visum
320 2580 370 2638 est
400 2572 494 2636 nobis
523 2570 660 2654 dignum
683 2577 806 2634 notatu.
852 2570 987 2651 Nempe,
1017 2569 1057 2633 de
1087 2591 1154 2634 uua
1206 2568 1328 2633 cabunt
1355 2570 1395 2635 de
1423 2570 1526 2648 nobis,
1556 2572 1642 2653 quod
1671 2571 1821 2637 ducimur
1850 2572 1957 2654 potius
1986 2572 2109 2636 affectu
2133 2593 2185 2636 re-.

183 2658 333 2737 moniali,
362 2658 453 2723 cuius
481 2677 599 2738 corpus
629 2655 775 2721 diabolus
802 2654 983 2733 obsidebat,
1013 2656 1054 2721 ob
1075 2676 1153 2722 eon·
1205 2653 1445 2737 prehendendi,
1473 2677 1570 2738 quam
1593 2657 1806 2739 inquirendae
1829 2666 1885 2720 aut
1906 2655 2071 2721 docendae
2094 2662 2186 2721 veri·

185 2754 345 2826 temptam
366 2762 475 2807 sacrae
497 2741 725 2806 Eucharistiae
753 2741 954 2823 religionem.
999 2740 1044 2805 Et
1072 2741 1152 2805 illud
1206 2740 1299 2805 tatis:
1334 2742 1395 2806 hoc
1424 2741 1698 2823 deprehendimus
1727 2744 1762 2807 iu
1789 2741 1901 2806 multis
1923 2741 2072 2824 passibus
2109 2742 2187 2807 libri

183 2830 326 2912 profecto
359 2837 409 2893 est
440 2827 579 2911 dignum
609 2827 694 2908 quod
728 2847 824 2908 saepe
856 2828 1011 2891 recitetur
1043 2847 1153 2891 coram
1206 2826 1316 2902 vestri,
1346 2825 1403 2892 sed
1425 2828 1587 2909 imprimis
1612 2830 1647 2892 in
1670 2850 1735 2892 uno
1758 2827 1892 2894 secundi
1918 2828 2013 2905 tomi,
2045 2826 2104 2891 ubi
2132 2829 2186 2893 in·

183 2915 353 2980 monachis
375 2921 409 2978 et
430 2913 643 2990 monialibus,
673 2914 727 2995 qui
750 2919 783 2976 et
805 2931 887 2993 qnae
909 2912 1006 2976 hodie
1035 2912 1081 2977 sic
1102 2914 1152 2975 in·
1206 2912 1416 2977 vectivamini
1443 2924 1556 2977 contra
1578 2912 1770 2978 Calvinum:
1804 2913 1879 2995 quia
1907 2913 2030 2977 fatetur
2056 2928 2187 2997 myste-

183 3001 334 3078 saniunt,
363 3013 400 3064 ut
421 2999 595 3065 videantur
623 3018 694 3062 esse
721 2997 843 3062 diaboli
869 2998 1039 3062 incarnati.
1084 2998 1154 3063 Neo
1205 2998 1292 3061 mum
1324 3000 1521 3064 sacramenti
1543 2998 1674 3064 (leenae
1696 3021 1766 3064 esse
1799 3010 1868 3064 tam
1897 2998 2082 3076 sublimius,
2119 3005 2186 3064 ut*

183 3106 250 3151 non
272 3086 365 3150 facile
387 3082 500 3151 estad
522 3083 735 3161 credendum,
765 3082 851 3166 quod
880 3082 976 3147 hodie
1006 3081 1153 3148 diabolus
1206 3103 1304 3165 quam
1326 3092 1366 3148 ut
1394 3084 1528 3166 ingenio
1550 3105 1610 3148 suo
1632 3083 1908 3167 comprehendere
1931 3085 2049 3150 valcat.
2095 3085 2187 3150 Nam

183 3173 326 3254 coeperit
346 3170 582 3253 possessionem
595 3168 634 3234 de
646 3169 852 3233 monasteriis
864 3169 939 3251 qnia
960 3190 1025 3233 non
1048 3169 1153 3234 solum
1206 3189 1302 3233 nemo
1325 3180 1375 3234 est
1396 3170 1631 3234 catholicorum
1654 3172 1708 3254 qui
1731 3192 1796 3235 non
1819 3170 1906 3234 idem
1927 3170 2081 3234 fateatur.
2119 3172 2185 3236 No-

184 3279 251 3323 non
288 3256 438 3321 deferunt
470 3275 636 3339 magnam
663 3255 879 3318 reverentiam
915 3254 1153 3332 Eucharistiae,
1205 3275 1267 3336 que
1290 3260 1462 3337 propterea
1483 3255 1578 3319 illum
1600 3277 1736 3339 arguere
1758 3254 1923 3320 debebatis
1945 3256 2120 3332 infantiae,
2151 3269 2185 3321 et

184 3343 241 3409 sed
275 3363 380 3425 nequa
412 3340 545 3406 Christo
573 3340 652 3423 ipsi,
686 3361 792 3421 neque
826 3341 906 3405 Deo.
952 3340 1019 3405 Sed
1052 3348 1156 3405 restat
1205 3340 1312 3405 dicere
1333 3338 1421 3424 qnod
1440 3328 1529 3405 istud
1552 3341 1582 3405 ei
1604 3342 1730 3418 accidit,
1760 3357 1932 3424 propterea
1953 3341 2041 3423 quod
2064 3344 2185 3407 ambu-

185 3449 271 3493 unus
292 3427 475 3512 scrupulus,
498 3447 593 3508 quem
612 3426 731 3491 facient
752 3426 805 3490 isti
823 3426 1039 3491 cavillatores:
1064 3425 1153 3492 vide·
1204 3425 1323 3491 laverit
1351 3427 1386 3489 in
1415 3428 1557 3513 magnis,
1592 3441 1625 3492 et
1653 3429 1777 3491 maiora
1806 3448 1841 3491 se
1875 3428 1973 3492 luerit
2005 3438 2184 3493 scrutatus.

181 3514 260 3580 licet
282 3512 367 3596 quod
390 3512 536 3578 diabolus
558 3511 614 3594 qni
642 3507 825 3594 possidebat
856 3511 946 3575 illam
968 3512 1153 3591 monialem,
1205 3511 1300 3577 Esset
1322 3513 1429 3593 potius
1440 3515 1628 3596 arrogantia
1645 3522 1678 3577 et
1695 3512 1872 3591 temeritas,
1889 3514 2012 3578 iactare
2030 3535 2066 3577 se
2086 3536 2185 3596 posse

182 3598 325 3664 reddidit
345 3599 415 3681 ipse
436 3598 668 3675 testimonium,
690 3618 749 3662 cur
766 3617 878 3661 omues
900 3618 981 3679 quae
1004 3607 1097 3662 erant
1119 3598 1154 3662 in
1206 3597 1247 3662 ad
1270 3610 1395 3662 tantam
1417 3598 1651 3663 sublimitatem
1668 3609 1849 3680 penetrare.
1881 3596 1994 3677 Quare
2007 3597 2120 3664 videte
2143 3621 2186 3665 ne

184 3684 242 3749 illo
261 3683 456 3749 monasterio
483 3692 531 3747 tot
550 3683 646 3748 annis
664 3704 683 3747 a
700 3681 867 3765 spiritibus
884 3682 1038 3767 malignis
1057 3705 1155 3749 vexa·
1205 3704 1264 3747 vos
1286 3684 1347 3765 ipsi
1369 3683 1497 3749 faciatis
1518 3705 1576 3748 vos
1594 3705 1687 3748 reum
1709 3684 1993 3765 praesumptionis.
2038 3683 2082 3748 In
2107 3686 2185 3750 reli·

185 3778 316 3836 rentur:
340 3766 560 3853 supradictam
578 3768 732 3833 videlicet
744 3789 873 3832 causam
884 3777 1088 3852 contemptae
1105 3789 1157 3832 re·
1205 3771 1278 3849 quis
1300 3771 1446 3834 tractatis
1469 3769 1573 3834 multa
1594 3783 1806 3852 argumenta,
1837 3768 1894 3835 sed
1917 3790 1992 3834 raro
2015 3770 2184 3854 attingitis

185 3856 317 3941 ligionis
339 3854 375 3920 in
398 3854 604 3937 suscipienda
621 3853 837 3919 Eucharistia.
870 3854 1028 3919 Diabolus
1046 3863 1154 3919 autem
1205 3865 1372 3937 punctum,
1399 3876 1504 3937 neque
1529 3856 1609 3921 satis
1631 3855 1804 3936 explicatis
1836 3854 1938 3920 nodos
1960 3856 2081 3938 quibus
2104 3857 2185 3921 hae·

184 3952 234 4009 est
265 3951 359 4024 pater
384 3940 554 4005 mendacii.
597 3940 642 4004 Et
673 3941 895 4005 testimonium
924 3940 993 4004 cius
1025 3960 1155 4022 sempor
1206 3940 1298 4004 retici
1320 3961 1381 4004 nos
1407 3940 1586 4021 implicant.
1633 3940 1753 4018 Veluti,
1782 3960 1859 4005 oum
1882 3939 2069 4024 defingunt
2092 3964 2185 4027 sym·

185 4036 236 4094 est
252 4034 447 4109 suspectum.
480 4026 565 4090 Nam
584 4026 715 4090 tametsi
732 4024 818 4091 dicat
836 4025 1010 4108 aliqnando
1031 4046 1154 4103 verum,
1205 4026 1316 4091 bolum
1338 4046 1358 4089 a
1379 4029 1518 4107 reipsa,
1548 4049 1607 4092 vos
1630 4048 1694 4090 non
1719 4027 1800 4091 bene
1821 4026 1993 4091 ostenditis
2019 4027 2185 4108 quomodo

185 4124 296 4179 tamen
319 4133 448 4195 semper
470 4109 574 4175 tendit
595 4110 635 4175 ad
658 4109 780 4175 malum
803 4112 911 4175 finem.
944 4109 1042 4176 Unde
1063 4109 1154 4174 vide·
1205 4111 1263 4174 illa
1291 4109 1543 4175 confundantur.
1588 4113 1633 4175 Et
1660 4110 1791 4194 quaudo
1813 4111 1963 4176 *fatentur
1990 4135 2007 4177 ε
2033 4114 2186 4178 mbolum

183 4221 258 4264 mus
281 4198 450 4264 Christum
473 4197 575 4278 ipsius
598 4197 820 4261 testimonium
843 4216 1023 4274 recusasse,
1054 4197 1155 4261 etiam
1206 4197 1359 4279 coniungi
1381 4217 1456 4261 oum
1475 4197 1523 4259 rei
1545 4197 1754 4272 exhibitione,
1780 4220 1836 4262 vos
1858 4196 1977 4262 additis
2001 4134 2041 4261 de
2061 4217 2186 4276 vestro,

186 4284 316 4368 quando
348 4284 431 4349 bene
464 4280 591 4348 dicebat
624 4280 663 4346 de
691 4284 777 4365 ipso,
817 4289 850 4348 et
888 4282 1053 4347 fatebatur
1084 4303 1155 4347 esse
1207 4302 1343 4359 merum,
1373 4283 1466 4363 quasi
1492 4283 1556 4365 ipsi
1576 4282 1666 4347 nuda
1688 4294 1720 4348 et
1741 4304 1833 4348 mera
1860 4282 2008 4367 symbola
2029 4304 2104 4349 ease
2127 4283 2186 4349 do·

186 4370 309 4435 Filium
331 4369 405 4434 Dei.
449 4366 515 4433 Sed
544 4367 739 4433 cavillentur
760 4375 797 4431 ut
818 4368 996 4432 voluerint:
1027 4375 1156 4450 oportet
1206 4377 1308 4432 ocant.
1354 4365 1465 4448 Quare
1487 4366 1596 4433 dicent
1618 4390 1675 4434 vos
1701 4389 1799 4451 agere
1821 4367 2022 4450 Sophistam‚
2051 4383 2088 4434 et
2110 4392 2186 4453 per·

186 4455 278 4521 nobis
300 4454 407 4520 facere
437 4454 561 4520 servire
583 4453 701 4518 omnia.
747 4453 788 4516 In
811 4474 875 4518 uno
898 4460 1026 4517 tantum
1049 4453 1155 4536 (salvo
1207 4464 1336 4517 vertere
1365 4455 1511 4534 ipsorum
1541 4474 1691 4519 sensum:
1724 4468 1783 4518 aut
1810 4467 1898 4520 certe
1921 4476 1978 4520 vos
2008 4476 2076 4519 uon
2100 4457 2188 4522 bene

186 4542 309 4605 honore
338 4551 447 4605 vestro
479 4539 605 4605 dictum
637 4539 693 4614 sit)
724 4538 878 4603 videmini
912 4559 1037 4603 errare:
1070 4538 1155 4620 quod
1206 4538 1389 4622 intelligere
1421 4539 1636 4603 intentionem
1668 4542 1821 4621 ipsorum.
1865 4538 1962 4619 Quod
1994 4554 2086 4606 certe
2117 4564 2186 4607 non

188 4626 341 4690 videlicet
366 4625 491 4690 voeatis
520 4624 693 4703 vestalem,
724 4643 821 4705 quam
844 4625 1020 4687 monialem
1049 4623 1156 4689 dicere
1207 4636 1370 4707 putamus.
1414 4623 1502 4703 Quia
1524 4626 1603 4690 estis
1630 4625 1729 4690 nimis
1757 4647 1898 4710 magnus
1927 4625 2055 4704 doctor,
2087 4638 2121 4691 et
2136 4623 2186 4692 'de

187 4711 379 4776 debueratis.
423 4710 510 4775 Nam
531 4710 749 4793 periculosum
772 4720 820 4773 est
848 4709 893 4774 sic
914 4710 1067 4774 affectare
1090 4710 1156 4773 ele·
1206 4709 1442 4792 antiquissimis
1465 4721 1594 4776 nostrae
1622 4711 1794 4776 facultatis.
1838 4711 1880 4775 In
1906 4711 1971 4775 alio
1999 4732 2102 4793 passu
2124 4734 2187 4778 voe

188 4798 324 4881 gantiae,
352 4817 435 4878 quae
457 4803 592 4879 possunt
614 4795 692 4860 darc
714 4795 913 4861 occasionem
936 4794 1156 4860 calumniandi
1207 4796 1314 4861 dicitis
1336 4816 1464 4860 merum
1486 4817 1556 4861 esse
1585 4798 1762 4874 somnium,
1792 4797 1878 4880 quod
1905 4798 2042 4862 effectus
2073 4819 2186 4864 sacra·

188 4883 260 4947 istis
293 4882 481 4958 haereticis,
521 4881 577 4965 qui
615 4889 807 4964 comparant
838 4891 967 4945 nostras
999 4881 1157 4946 moniales
1205 4883 1308 4946 menti
1348 4902 1465 4946 coenae
1501 4881 1637 4947 Domini
1675 4883 1791 4948 tendat
1829 4882 1871 4947 ad
1909 4882 2185 4964 redemptionem,

188 4966 366 5033 vestalibus
378 4968 544 5044 Romanis,
568 4974 601 5031 θῖ
612 4966 726 5032 dicunt
746 4966 834 5047 ipsae
856 4966 979 5031 servire
992 4965 1157 5032 daemoni·
1206 4968 1496 5034 sanctificationem
1513 4968 1679 5051 vitamque
1702 4976 1878 5035 aeternam.
1913 4968 1958 5032 Et
1980 4970 2065 5034 ratio
2084 4990 2187 5053 quam

188 5053 266 5130 bus,
295 5053 380 5122 siout
400 5052 477 5117 illae
503 5051 680 5130 faciebant,
710 5059 745 5117 et
772 5072 838 5116 non
861 5050 940 5116 Deo.
982 5050 1094 5133 Quare
1115 5051 1157 5118 ad
1206 5053 1367 5118 adducitis
1385 5053 1515 5117 videtur
1531 5055 1624 5119 nobis
1641 5053 1736 5120 valde
1754 5053 1904 5120 absurda
1938 5054 2077 5138 Nempe,
2095 5056 2186 5138 quod

186 5137 420 5204 ostendendam
441 5137 664 5204 diversitatem
686 5137 803 5202 melius
824 5148 911 5203 esset
938 5137 1001 5202 alio
1024 5139 1157 5204 nomine
1207 5137 1387 5222 redemptio
1410 5140 1587 5220 praecessit
1607 5140 1674 5204 iam
1697 5139 1786 5206 mille
1807 5140 1997 5224 quingentis
2017 5142 2126 5219 annis,
2150 5151 2187 5207 et

185 5224 275 5307 ipsas
297 5245 421 5290 vocare.
1209 5225 1277 5289 vita
1307 5234 1440 5290 aeterna
1466 5225 1611 5289 nondum
1642 5226 1824 5293 accesserit
1869 5226 1954 5291 Nam
1988 5226 2051 5291 hoc
2084 5226 2185 5294 mode
2302 5256 2303 5259 ¹
