4778 5888
97 307 162 368 221
384 369 389 379 μ

96 489 258 558 Pluribus
279 467 388 559 tecum
409 512 477 556 non
497 511 603 576 agam,
625 512 666 556 ne
688 490 766 574 quid
784 492 866 557 meis
887 499 996 557 vestro
1020 489 1076 556 de-

97 578 196 643 cedat
225 577 390 662 colloquio.
429 577 514 643 Vale
544 576 634 643 bene.
671 577 824 644 Christus
848 576 942 643 Iesus
971 587 1004 642 te
1026 577 1077 642 in-

98 662 261 730 columem
280 662 338 729 diu
355 670 465 730 servet
482 683 562 729 suae
579 663 743 742 ecclesiae,
765 672 862 746 teque
880 663 970 729 omni
988 664 1078 729 locu·

97 748 457 901 ΞΙοῗοιΓιθιιὲοὸἀέοιίοιιε.
503 747 609 833 (lupio
631 770 745 815 omnes
767 748 884 815 salvos.
921 749 1078 814 Neocomi

124 885 131 899 .
173 857 195 901 u
209 858 233 900 11
340 882 349 900 .

720 972 811 1037 Tuus
829 971 992 1038 Ferellus.

542 1502 639 1573 2494.

342 1655 603 1723 VERMILIUS
625 1654 844 1723 CALVINO.

190 1829 264 1895 lam
285 1831 322 1894 ia
343 1849 376 1894 eo
397 1835 442 1894 est
462 1828 715 1911 atArgentorcto
736 1827 904 1892 valedicat:
925 1848 946 1891 c
961 1828 1078 1911 magb-

100 1922 190 1981 trctu
217 1915 298 1981 nita
331 1914 465 1980 obtinere
488 1916 592 1998 potuit
617 1919 743 1995 mcccc
777 1932 876 1977 cauas
892 1914 1077 1994 maniacis-

99 2002 295 2153 ?Z,e}{cque
316 2000 486 2066 libertatem
503 2000 548 2066 tte·
567 2006 709 2084 meatem
729 1999 809 2065 alibi
825 2019 975 2082 quaerere
995 2019 1079 2065 cocc-

266 2257 322 2324 (le
340 2257 509 2327 autographo
527 2256 591 2311 Cod.
609 2257 710 2311 Gener.
735 2254 795 2319 112,
812 2256 857 2310 iol.
875 2256 914 2323 3.)

190 2429 381 2497 Clarissimo
420 2430 490 2495 viro
523 2429 565 2494 D.
600 2428 717 2494 Ioanni
753 2428 891 2495 Calvino
928 2430 1078 2495 ministro

101 2518 194 2583 vorbi
217 2517 281 2582 Dei
302 2515 492 2581 fidelissimo
518 2514 654 2581 etmihi
676 2514 1076 2668 ιιιιιιίιηιιιᾶθιὲὲινιὲθηιιᾶὸ.

189 2771 225 2839 S.
245 2773 287 2838 D.
318 2770 356 2838 si
385 2794 476 2839 meas
505 2780 687 2855 postremas
715 2771 865 2849 literas¹l
887 2773 1077 2856 accepisses,

99 2880 169 2925 non
199 2858 281 2923 mihi
308 2857 349 2923 de
377 2857 548 2924 mansione
575 2858 799 2942 gratulareris,
829 2857 896 2937 sed,
914 2867 952 2924 ιιι
972 2858 1077 2938 video,

101 2945 228 3011 doleres
250 2945 291 3011 de
313 2942 465 3011 discessu.
509 2944 594 3009 Rem
617 2944 676 3009 tibi
698 2944 785 3011 hano
806 2942 979 3027 displicere
1001 2945 1077 3010 tris-

100 3040 164 3111 tor,
192 3028 281 3114 quod
306 3051 394 3096 nunc
422 3052 464 3095 ex
485 3030 551 3095 tuis
572 3049 741 3114 cognosco.
786 3030 871 3095 Nam
900 3052 941 3096 ex
961 3030 1076 3114 priori-

100 3116 162 3183 bus
181 3137 262 3200 quas
280 3116 321 3182 ad
342 3137 396 3181 me
417 3114 554 3182 dederas
571 3125 701 3181 tantum
721 3115 947 3200 intelligebam
968 3125 1000 3181 te
1022 3136 1077 3181 ou-

100 3223 190 3286 pere,
212 3203 240 3268 si
257 3202 331 3269 fieri
343 3202 512 3285 potuisset,
535 3209 574 3267 ut
595 3202 648 3267 hic
665 3222 842 3267 manerem.
875 3201 974 3267 Oerte
995 3201 1077 3266 fuis-

100 3298 153 3355 set
174 3288 445 3373 operaepretium
466 3296 505 3353 ut
524 3308 615 3353 meas
635 3287 710 3352 illas
732 3294 914 3371 postremas
935 3288 1077 3370 accepis·

101 3395 154 3441 see
176 3393 269 3459 qnae,
293 3376 378 3442 siout
395 3374 499 3453 video,
517 3375 553 3439 in
570 3373 688 3439 itinere
706 3373 904 3452 detinentur,
926 3374 1078 3457 quamvis

101 3482 169 3527 non
187 3460 356 3543 desperem
380 3458 515 3525 tandem
541 3458 733 3525 reddendas.
776 3458 841 3525 Die
863 3459 1079 3537 Ioannis²la

102 3554 220 3614 senatu
252 3545 334 3611 mibi
367 3554 418 3611 est
447 3545 524 3612 data
545 3545 668 3624 missio,
696 3546 753 3628 qui
780 3554 892 3610 tamen
913 3544 1079 3610 fatebatur

101 3633 209 3698 invito
235 3633 407 3697 animose
430 3631 464 3697 id
490 3632 606 3697 facere.
649 3630 805 3696 Ounctsti
827 3640 905 3696 sunt
923 3629 998 3696 diu:
1023 3651 1078 3696 ve-

103 3739 179 3783 rum
213 3717 353 3800 denique
385 3718 434 3782 nil
462 3717 498 3781 in
531 3717 613 3783 meis
647 3717 859 3799 petitionibus
881 3715 948 3781 illis
970 3717 1078 3782 visum

1011 304 1090 367 1556
1110 299 1203 368 IUL.

2044 306 2107 369 222

1129 497 1229 567 tetur,
1238 489 1268 572 ⁴)
1290 509 1396 571 neque
1417 491 1543 554 interea
1560 508 1636 554 suos
1658 492 1835 573 compescit
1852 490 2106 569 concionatores,

1130 595 1172 638 ne
1192 576 1313 657 passim
1336 576 1371 640 in
1398 576 1572 640 veritatem
1598 574 1755 640 acerrime
1777 576 1988 642 invehantur.
2032 577 2106 644 Hoc

1128 680 1239 724 meum
1262 660 1435 725 consilium
1459 660 1507 725 nil
1530 659 1629 725 habet
1649 671 1706 725 aut
1738 661 1935 727 incommodi
1958 672 2014 727 aut
2036 673 2106 728 tur-

1129 745 1297 828 pitudinis,
1327 747 1391 811 nisi
1424 746 1522 829 quod,
1551 757 1590 810 ut
1622 747 1727 823 video,
1760 748 1821 812 tibi
1848 768 1914 812 non
1931 746 2105 831 probatur:

1130 851 1190 914 ego
1214 852 1302 908 vero,
1321 833 1383 898 etsi
1405 832 1565 898 iudicium
1582 841 1675 896 tuum
1698 833 1936 914 reprehendere
1959 856 2026 899 non
2049 856 2106 900 au·

1130 917 1235 995 deam,
1266 917 1353 1000 quod
1381 938 1511 1001 semper
1539 937 1695 1002 magnum
1726 917 1846 984 habere
1868 918 1994 1002 pondus
2020 921 2106 986 arbi·

1131 1013 1209 1079 tter,
1239 1013 1439 1069 nontamen
1467 1003 1642 1087 quidquam
1673 1002 1766 1069 video
1794 1006 2030 1088 propterquod
2052 1026 2106 1071 me

1130 1089 1393 1172 iactipoenlteat.
1417 1089 1456 1154 Si
1467 1091 1554 1155 enim
1566 1089 1619 1155 bic
1631 1089 1711 1153 mihi
1723 1100 1810 1155 esset
1819 1092 1949 1175 integra
1959 1103 1992 1155 et
2002 1091 2106 1158 libera

1130 1173 1267 1240 docendi
1302 1174 1491 1258 disputandi
1519 1183 1553 1241 et
1574 1174 1736 1241 scribendi
1759 1184 1912 1259 potestas,
1935 1197 2105 1261 nunquam

1131 1258 1360 1326 discessissem.
1389 1260 1515 1326 Verum
1534 1282 1636 1344 quum
1654 1283 1696 1326 ex
1712 1262 1753 1327 iis
1772 1261 1979 1345 compedibus
1997 1271 2035 1327 ut
2051 1284 2105 1328 me

1130 1347 1271 1411 eximam
1283 1347 1375 1411 nulla
1385 1345 1583 1413 concedatur
1593 1347 1740 1425 facultas,
1754 1368 1821 1412 non
1833 1369 1972 1431 aequum
1990 1349 2054 1413 fuit
2067 1362 2105 1413 ut

1131 1430 1273 1496 oblatam
1309 1432 1493 1497 libertatem
1522 1450 1725 1516 aspernarer.
1772 1433 1848 1512 Sed,
1878 1436 2002 1499 utiam
2024 1434 2104 1514 dixi,

1129 1538 1172 1581 ex
1184 1516 1255 1582 aliis
1272 1518 1354 1583 meis
1370 1518 1476 1583 literis
1488 1518 1583 1602 plura
1599 1539 1782 1603 cognosces.
1816 1520 1848 1584 N
1850 1539 1913 1584 unc
1925 1540 2002 1586 vero
2020 1519 2105 1588 iacta

1131 1611 1182 1668 est
1210 1601 1290 1681 alea,
1313 1625 1418 1686 neque
1446 1611 1553 1687 potest
1574 1605 1731 1671 revocari.
1772 1606 1916 1670 'lantum
1938 1604 2104 1690 rogandus

1130 1697 1180 1753 est
1202 1689 1366 1754 Dominus
1395 1698 1432 1755 ut
1452 1691 1535 1755 bene
1558 1700 1674 1757 vertat.
1715 1690 1909 1775 Ubicunque
1932 1693 2035 1770 fuero,
2064 1698 2105 1757 nt

1130 1773 1289 1839 hactenus
1306 1775 1364 1854 fui,
1387 1784 1496 1841 tecum
1527 1797 1582 1842 ero
1603 1798 1702 1859 quam
1724 1778 2017 1843 coniunctissimus.

1216 1860 1394 1945 Negotium
1419 1860 1634 1928 adolescentis
1662 1863 1702 1927 de
1724 1884 1787 1945 quo
1805 1862 1846 1927 ad
1870 1885 1922 1927 me
1943 1863 2103 1946 scripsisti

1129 1945 1314 2011 coniectum
1336 1958 1395 2013 est
1439 1947 1535 2013 Unde
1558 1948 1599 2013 ad
1622 1970 1681 2014 nos
1703 1948 1795 2014 redit.
1836 1949 1931 2014 Etsi
1953 1948 2032 2031 quid
2053 1970 2103 2015 es·

1129 2039 1179 2096 set
1211 2030 1299 2096 aliud
1332 2032 1419 2116 qnod
1451 2045 1511 2098 tua
1543 2055 1642 2100 causa
1673 2034 1863 2100 faciundum
1895 2035 2020 2113 fuisset,
2042 2055 2103 2101 nos

1129 2136 1243 2183 omnes
1270 2117 1440 2184 habuisses
1463 2121 1696 2204 paratissimos.
1730 2120 1806 2186 Non
1827 2118 1968 2187 scribam
1989 2121 2103 2201 fusius,

1130 2223 1231 2285 quum
1266 2204 1430 2287 migrandi
1458 2206 1626 2289 negotium
1666 2212 1701 2271 et
1740 2206 1891 2271 molestia
1918 2206 2102 2289 prohibent.

1129 2286 1223 2366 Vale,
1249 2289 1429 2355 clarissime
1450 2291 1504 2355 vir
1525 2299 1558 2356 et
1579 2291 1662 2356 mihi
1682 2290 1864 2375 plurimum
1886 2291 2101 2374 suspiciende.

1130 2374 1295 2440 Dominus
1317 2377 1375 2441 tibi
1397 2375 1483 2442 adsit
1504 2386 1537 2441 et
1558 2377 1648 2441 omni
1669 2379 1830 2443 bonorum
1851 2399 1973 2461 genere
1990 2385 2023 2442 ts
2045 2399 2103 2444 au·

1131 2467 1205 2543 gest
1226 2466 1323 2544 atque
1345 2464 1498 2528 fortunat.
1535 2462 1704 2542 Starmias,
1722 2463 1904 2542 macac,
1923 2463 2049 2528 Zoacae
2069 2471 2103 2529 et

1130 2545 1315 2612 Alexander
1343 2556 1375 2612 te
1404 2548 1559 2615 salutant.
1599 2549 1692 2614 Meos
1713 2548 1817 2615 Italos
1838 2548 2016 2632 plurimum
2039 2548 2103 2614 sal·

1131 2652 1208 2697 vere
1229 2632 1333 2712 iubeo,
1356 2635 1548 2716 praesertim
1561 2635 1602 2700 D.
1617 2634 1838 2700 Moratousa.
1863 2640 1892 2699 7.
1909 2634 1987 2700 Iulii
2011 2637 2100 2698 1556.

1538 2772 1612 2838 Tibi
1641 2771 1789 2837 addictus
1811 2773 1846 2836 in
1866 2771 2018 2849 Domino,

1695 2858 1815 2923 Petrus
1832 2858 1972 2940 Martyr.

1510 3148 1710 3162 ——

1566 3384 1667 3456 2495.

1394 3539 1598 3607 vuantos
1622 3539 1837 3608 CALVINO.

1217 3712 1393 3796 Stepbomee
1425 3712 1492 3777 iam
1518 3711 1742 3794 prestaretur.
1794 3712 1918 3779 Farelli
1938 3713 2103 3779 mentium

50 3815 53 3823 ’
103 3815 154 3870 est
174 3803 260 3868 mihi
280 3802 465 3881 concedere,
488 3823 590 3886 quare
619 3823 692 3867 sum
715 3808 854 3879 coactus,
877 3802 940 3866 nisi
957 3801 1079 3867 vellem
1129 3800 1167 3867 de
1187 3800 1296 3866 itinac
1320 3799 1507 3866 commta
1528 3817 1590 3863 aaa
1611 3800 1734 3865 omnino
1750 3799 1958 3880 probandum·

102 3911 170 3955 non
203 3889 274 3956 sine
306 3888 487 3973 ignominia
519 3899 552 3953 et
582 3887 799 3953 conscientiae
828 3887 966 3953 vulnere
994 3887 1079 3953 benc

103 3975 226 4042 diutius
247 3975 333 4040 ferre
355 3972 567 4053 servitutem,
581 3972 755 4040 discedere.
800 3973 872 4037 Iam
895 3972 1078 4056 supellecti-

102 4060 148 4126 lia
174 4061 338 4144 praemisi,
370 4060 519 4126 abiturus
547 4061 618 4145 ipse
645 4067 720 4143 post
748 4068 888 4143 quatuor
910 4065 968 4123 ant
985 4059 1078 4141 quin-

124 4168 166 4212 ue
199 4145 278 4212 dies.
314 4144 448 4225 Schola,
479 4166 579 4228 quum
613 4152 777 4229 postremo
802 4144 961 4223 docerem,
982 4165 1079 4210 snum

103 4167 250 4298 dolorem
261 4232 374 4297 multis
386 4231 541 4315 lacrymis
558 4238 680 4297 testata
700 4240 760 4310 est,
783 4230 840 4297 sed
852 4229 965 4296 audita
982 4250 1081 4297 causa

103 4317 181 4384 boni
214 4316 386 4383 consilium
418 4338 529 4383 meum
558 4317 699 4383 abeundi
732 4338 798 4382 non
827 4314 1079 4399 reprehendunt.

104 4401 189 4484 Quis
221 4404 312 4468 enim
333 4423 435 4486 aequo
463 4404 573 4468 animo
604 4404 689 4468 ferat
715 4411 762 4483 ut,
791 4402 870 4468 dum
892 4402 1015 4468 veritas
1037 4401 1080 4468 ad

104 4487 262 4573 populum
301 4488 547 4572 proscinditur,·
569 4509 629 4573 ego
663 4487 717 4553 hio
754 4508 906 4553 maneam
938 4486 1081 4555 tacitus?

106 4570 196 4656 Quid
227 4574 291 4641 hoc
322 4574 412 4640 aliud
440 4581 491 4640 est
522 4595 621 4658 quam
650 4573 789 4657 prodere
824 4572 977 4639 causam?
1005 4573 1080 4639 Non

106 4660 179 4726 vult
205 4659 419 4745 magistratus
446 4669 483 4725 ut
509 4660 657 4744 quaestio
680 4660 760 4726 haec
779 4661 814 4724 in
836 4658 948 4726 schola
970 4658 1081 4744 dispu-

108 4951 243 5089 m'ii
258 4949 302 5074 il:
317 4948 408 5073 iffi.
441 5018 529 5099 ιιοιι,
541 5017 765 5088 noceo-»epp
782 5017 887 5084 coac
915 5017 1082 5075 amase

107 5089 136 5144 la
162 5090 263 5160 quobus
286 5087 358 5144 idern
384 5087 443 5143 aas
468 5087 616 5169 ιἰιάιοαιιιν.
654 5088 758 5170 (Verre.
781 5103 809 5157 p.
826 5084 878 5140 686
895 5089 966 5212 tacet.)
1001 5087 1081 5144 Idem

108 5155 595 5295 Wffifflffiffffl
603 5155 966 5293 iiii'lillil'e‘i'lo·

1131 3971 1187 4038 (lix
1214 3970 1382 4040 sutograpbo
1410 3968 1474 4023 (lod.
1496 3967 1577 4107 6οιΙῖ
1598 3967 1735 4105 41(ἔ51,)ἰοι.
1756 3968 1815 4026 107.
1835 3999 1867 4009 -
1886 3969 2101 4024 Bretscbneider.

1216 4210 1349 4277 Eximio
1371 4209 1497 4277 Christi
1518 4230 1614 4276 servo
1631 4208 1674 4275 D.
1697 4209 1814 4275 Ioanni
1832 4208 1973 4276 calvino
1993 4209 2103 4275 Gene-

1131 4298 1242 4364 veneis
1264 4296 1419 4364 ecclesiae
1432 4296 1556 4381 pastori
1568 4295 1819 4381 vigilantissimo
1840 4294 1936 4359 fratri
1958 4303 1990 4360 et
2012 4316 2100 4379 sym·

1131 4391 1258 4470 mystae
1275 4382 1454 4467 plurimum
1476 4382 1688 4453 observando.
1851 4465 2017 4532 Gema·

1218 4640 1254 4709 S.
1284 4638 1440 4707 Accinxit
1466 4659 1502 4705 se
1530 4639 1642 4705 itineri
1667 4637 1844 4721 θιφισηωι
1857 4642 1882 4714 ¹)
1904 4645 2027 4714 noster,
2050 4638 2103 4702 vir

1132 4748 1211 4794 vere
1243 4727 1317 4810 pins
1333 4733 1367 4792 et
1398 4725 1490 4793 cuiue
1520 4723 1665 4809 probitas
1697 4724 1840 4791 multum
1871 4722 2022 4790 additura
2053 4730 2104 4788 cst

1132 4814 1236 4898 ipsius
1266 4810 1432 4879 doctrinae
1461 4818 1495 4877 et
1525 4810 1707 4876 ministerio
1735 4809 1897 4894 ponderis.
1938 4807 1987 4873 Tu
2008 4807 2104 4874 illum

1233 5087 1265 5155 4)
1286 5086 1332 5168 Of..
1345 5083 1590 5157 consentanca
1604 5083 1716 5153 praebet
1732 5099 1765 5138 ec
1782 5082 2015 5207 ep.W1'Y.0rtltii
2029 5082 2103 5153 prof.

1133 5157 1352 5227 Maroneam,
1456 5158 1546 5209 aaut
1562 5154 1593 5208 ia
1611 5151 1729 5208 bractis·
1746 5151 1816 5222 Opp.
1834 5153 1861 5208 V

1133 5224 1268 5291 ausen
1291 5223 1359 5280 rece
1407 5220 1508 5277 aar
1913 5151 2026 5221 ω’
