4778 5888
107 331 165 393 ιιι
744 389 746 394 ,
971 312 1237 399 muscosos.
1776 381 1779 389 .
2038 328 2108 400 aaa·

107 515 269 581 &armies
291 514 425 594 dicebat,
446 517 566 599 ubique
588 525 660 581 erat
681 517 716 581 in
738 514 894 583 comitatu
915 517 1073 582 Palatino.
1128 517 1223 582 scitia
1245 517 1296 583 vel
1317 519 1478 584 oblivione
1500 518 1558 583 tibi
1587 518 1732 584 redditae
1754 542 1818 584 nen
1842 521 1983 587 luerunt.
2029 521 2101 586 Vix

108 601 218 666 Reae
230 602 260 683 τ)
290 602 459 666 simulavit
486 601 644 668 morbum.
663 602 665 607 ⁴
695 599 817 668 Schola
835 622 898 668 ‘me
927 603 1076 668 convivio
1128 604 1263 668 memini
1281 624 1300 668 a
1319 624 1383 686 quo
1401 606 1579 687 acceperim
1597 605 1662 668 nisi
1684 605 1769 687 quod
1787 627 1806 670 a
1822 606 1931 670 Zemlte
1949 610 2100 685 nostro²)

105 687 243 770 excepit.
283 686 408 753 Severe
428 687 622 770 exprobravi
643 688 804 754 Matthiae
827 687 968 754 Pherero
991 687 1077 770 quod
1128 689 1288 772 profectas
1311 710 1382 754 esse
1404 687 1554 754 arbitror.
1589 689 1687 755 Hune
1709 710 1852 755 errorem
1875 692 1968 756 nobis
1990 693 2100 776 ignos-

107 791 185 854 erga
217 771 354 838 Beatam
369 776 395 850 ⁸)
427 781 495 838 tam
535 773 648 839 molles
680 785 714 840 et
752 773 880 840 remissi
918 774 1077 838 hactenus
1129 794 1191 838 ces.
1237 774 1412 840 (laetarum
1435 774 1655 840 adolescentes
1677 777 1756 841 istos
1777 775 1891 841 Gallos
1914 776 1972 842 tibi
1993 786 2027 842 et
2048 799 2099 843 re·

106 858 238 922 luerint.
437 876 439 880 ’
756 878 759 884 ’
1130 859 1226 940 liquis
1254 860 1411 925 fratribus
1439 860 1647 938 commendo,
1675 882 1741 925 non
1770 871 1808 925 ut
1837 860 2019 926 molestiam
2042 884 2100 927 ex·

193 943 285 1008 Haec
307 963 384 1027 ego,
415 951 452 1008 ut
473 943 534 1009 tibi
562 945 772 1027 obsequerer,
802 965 890 1010 nunc
912 965 971 1026 pro
994 952 1078 1007 tem-⁸
1130 943 1275 1008 hibeam:
1303 945 1359 1010 sed
1382 966 1446 1028 quo
1464 946 1589 1010 facilius
1611 947 1775 1028 reperiant
1796 947 1933 1029 probum
1952 967 1990 1012 ac
2011 967 2100 1014 com-

106 1029 195 1111 peris
228 1030 382 1113 angustia
413 1030 529 1096 leviter
565 1031 726 1113 attingere
755 1030 856 1095 malui
886 1051 982 1112 quam
1011 1029 1091 1093 otio·
1130 1028 1262 1095 modum
1293 1031 1462 1113 hospitem.
1506 1029 1594 1096 Sunt
1615 1053 1656 1095 ex
1685 1031 1828 1096 honestis
1859 1032 1990 1098 familiis
2020 1035 2099 1110 nati,

106 1134 179 1178 mec
206 1133 347 1180 servare.
392 1113 487 1195 Quod
516 1115 556 1179 de
585 1115 678 1180 libris
707 1116 773 1180 tuis
802 1115 933 1198 scripsit
956 1113 1077 1179 Hereu-
1130 1135 1235 1197 neque
1257 1115 1321 1180 alia
1343 1115 1382 1181 de
1404 1136 1502 1182 causa
1530 1117 1668 1199 patriam
1696 1118 1825 1200 fugiunt
1846 1139 1942 1199 quam
1966 1127 2004 1182 ut
2025 1139 2099 1201 pro·

105 1200 179 1283 ptus
194 1203 220 1278 ⁹)
243 1221 364 1264 vanum
378 1221 448 1265 esse
469 1201 625 1267 arbitror:
649 1223 716 1265 non
734 1195 819 1284 qu'od
841 1201 977 1265 finxerit
996 1201 1077 1281 ipse,
1131 1201 1202 1282 pius
1225 1200 1378 1267 accedant
1400 1201 1441 1265 ad
1459 1201 1636 1267 Christum.
1671 1200 1737 1267 Sed
1760 1205 1835 1284 quia
1857 1204 1946 1268 urbis
1969 1211 2100 1269 nostrae

108 1284 164 1349 sed
186 1285 257 1349 fieri
280 1295 386 1368 potest
408 1298 445 1349 ut
471 1287 631 1369 quispiam
654 1295 776 1350 metum
799 1295 905 1352 astute
932 1286 1077 1350 incutere
1131 1285 1287 1350 habitatio
1309 1308 1449 1369 magnae
1471 1287 1615 1351 invidiae
1637 1295 1670 1350 et
1695 1288 1839 1369 periculo
1860 1287 1999 1353 obnoxia
2019 1289 2100 1354 fuis·

107 1370 254 1434 voluerit.
288 1370 473 1454 Diligenter
496 1370 703 1460 scisci[tettas]
728 1392 818 1438 sum:
839 1371 923 1436 nihil
942 1372 1076 1453 reperio.
1131 1381 1189 1447 set,
1212 1392 1375 1436 recessum
1394 1372 1480 1454 apud
1498 1393 1555 1436 vos
1573 1372 1694 1455 eligere
1713 1375 1818 1438 visum
1839 1383 1896 1451 cst,
1920 1373 1976 1438 ubi
1994 1376 2101 1439 tutius

108 1453 231 1521 Severe
254 1466 365 1520 tamen
387 1456 589 1535 denunciari,
618 1459 645 1522 si
672 1459 744 1540 quis
766 1458 827 1524 hoc
849 1465 1002 1533 tentaret,
1025 1477 1078 1520 me
1131 1457 1183 1521 vel
1207 1458 1346 1539 quietius
1369 1457 1499 1522 lateant.
1533 1457 1688 1540 Quisquis
1710 1480 1765 1523 eos
1783 1460 1930 1540 excipiet,
1954 1460 2100 1524 futurum

108 1560 239 1606 causam
261 1552 490 1624 suscepturum*
514 1551 570 1607 tuo
597 1552 723 1627 rogatu.
768 1543 941 1608 Caeterum
963 1543 998 1606 in
1020 1563 1077 1606 ne·
1130 1543 1257 1607 conlido
1279 1551 1316 1606 ut
1337 1563 1412 1607 eum
1439 1542 1654 1607 humanitatis
1683 1542 1764 1608 bens
1794 1544 1918 1610 locatae
1940 1566 2005 1609 non
2025 1566 2101 1627 poe·

108 1627 207 1710 gotiis
229 1627 387 1705 omnibus,
416 1649 498 1711 quae
520 1626 592 1714 a[d]
616 1636 648 1692 te
670 1629 835 1711 pertinere
857 1630 983 1707 discam,
1012 1648 1078 1691 non
1131 1629 1242 1692 niteat.
1277 1627 1363 1709 Quia
1381 1628 1516 1711 perinde
1539 1628 1599 1692 tibi
1623 1630 1728 1694 scribo
1751 1651 1787 1695 ac
1810 1631 1836 1694 si
1855 1630 1898 1693 D.
1918 1629 2101 1713 Betttnpero

108 1712 303 1796 exspectabo
333 1711 411 1777 dum
433 1735 486 1778 me
516 1735 620 1797 roges.
665 1713 863 1779 Admonitus
890 1735 967 1778 vero
996 1711 1078 1777 dabo
1130 1733 1318 1778 communes
1336 1722 1445 1779 essent
1465 1715 1589 1792 literae,
1613 1734 1759 1780 seorsum
1778 1715 1892 1779 eadem
1915 1715 1955 1780 de
1973 1736 2100 1782 recum

108 1818 238 1881 operam
261 1807 298 1863 ut
319 1798 484 1883 intelligas
506 1800 590 1863 nihil
611 1821 682 1864 esse
704 1801 785 1864 mihi
808 1799 866 1864 abs
889 1810 921 1863 te
948 1818 1078 1881 separa·
1130 1801 1200 1879 ipso
1232 1820 1329 1882 agere
1362 1820 1599 1882 supervacuum
1632 1799 1721 1865 drrxi.
1765 1801 1854 1884 Ergo
1886 1822 1961 1865 eum
1994 1810 2027 1865 et
2057 1804 2099 1867 D.

108 1892 189 1948 tum.
225 1885 275 1948 ru
297 1906 357 1968 pro
378 1885 448 1950 iure
471 1895 526 1948 tuo
549 1885 706 1967 quidquid
728 1883 858 1967 putabis
880 1885 914 1949 in
932 1905 985 1948 me
1006 1904 1077 1949 esse
1134 1884 1339 1949 Gaatttemm
1372 1895 1405 1949 et
1443 1885 1585 1967 reliquos
1621 1883 1795 1968 diligenter
1824 1887 1904 1949 mihi
1938 1886 2101 1952 salutabis.

108 1970 250 2052 positum
274 1969 371 2035 velim
400 1967 643 2056 famili[ere]ter
671 1972 792 2054 exigas.
830 1970 926 2044 Vale,
957 1967 1078 2033 eximie
1131 1971 1293 2035 Dominus
1321 1992 1379 2035 vos
1403 1992 1515 2036 omnes
1543 1991 1670 2053 semper
1698 1971 1782 2035 tueri
1808 1992 1921 2055 regere
1943 1994 1980 2038 ac
2006 1972 2102 2037 bene·

109 2056 159 2118 vir
186 2063 219 2119 et
247 2056 348 2120 frater
369 2077 411 2119 ιιι
441 2056 549 2120 animo
577 2055 720 2123 colende.
764 2055 882 2121 Saluta
904 2054 1078 2138 diligenter
1131 2053 1238 2120 dicere
1260 2065 1384 2140 pergat.
1424 2055 1579 2121 Genevae
1603 2061 1631 2118 7.
1654 2056 1723 2121 Cal.
1746 2057 1941 2122 Novembris
1967 2062 2057 2123 1556.

107 2138 150 2204 D.
170 2140 345 2219 Baliarum,
368 2142 408 2205 D.
433 2140 629 2207 Masticium
650 2149 684 2205 et
704 2141 844 2223 reliquos
867 2149 1076 2225 symmystas.

107 2224 151 2289 D.
176 2227 352 2292 Zertiatem
373 2248 501 2309 semper
523 2227 617 2309 cupio
640 2227 769 2293 salvum
792 2246 871 2292 esse.
914 2224 1077 2291 Dominus

108 2310 201 2377 Iesus
227 2333 287 2377 vos
315 2333 428 2377 omnes
460 2332 521 2377 sna
550 2312 671 2377 virtute
704 2313 864 2378 sustineat
895 2321 927 2376 et
960 2311 1077 2393 spiritu
1121 2394 1123 2397 Ι

108 2397 279 2481 gubernet
313 2397 467 2464 Genevae
490 2403 518 2463 7.
541 2397 704 2464 Dalandas
726 2398 920 2464 Novembris
945 2402 1035 2461 1556.

566 2534 707 2600 Ioannes
729 2534 887 2601 Oalvinus
908 2542 992 2598 tuus.

1574 2616 1671 2686 2550.

416 2783 417 2786 ’
485 2826 706 2838 ...,.,,,,.
1374 2769 1656 2837 BLAURDRUS
1678 2771 1863 2837 FRATRI.

1221 2939 1371 3009 Caluinus
1407 2939 1638 3022 Fremofordie
1655 2942 1772 3013 ,redae
1801 2962 1889 3024 spem
1925 2943 2002 3025 facit
2033 2961 2104 3009 com·

550 3061 639 3131 2549
1130 3030 1238 3091 emtus
1266 3026 1555 3126 theolepommtqmc
1582 3027 1706 3125 tandem
1736 3028 1906 3110 aliquande
1933 3028 2104 3095 desdam

641 3111 650 3132 ’
1131 3117 1409 3178 sacramentarium
1430 3111 1561 3194 felecder
1581 3113 1759 3194 sepelietur.

345 3216 579 3283 OALVINUS
601 3217 836 3283 WOLPHIO.

195 3389 319 3455 Literm
340 3388 610 3455 commendatitiae.

107 3560 166 3626 (Ex
189 3560 358 3628 autographo
383 3559 448 3614 Cod.
469 3560 569 3613 Gener.
591 3557 662 3624 lob,
679 3557 724 3611 iol.
744 3555 802 3622 146,
820 3558 847 3610 in
867 3572 920 3624 quo
937 3555 1081 3624 inscriptio
1131 3519 1175 3583 D·
1194 3520 1339 3586 Th⁰m⁸⁰
1357 3519 1512 3585 Blssmem
1532 3540 1689 3603 gemam
1710 3540 1769 3585 ⁸¹¹⁰
1791 3521 1864 3603 plus
1884 3541 1982 3605 ‘luam
2003 3523 2103 3590 ‘laris'

106 3634 249 3696 exparte,
272 3628 435 3696 subscriptio
454 3645 518 3682 vero
536 3634 595 3680 tota
617 3627 735 3681 abscissa
759 3634 809 3679 est.
843 3625 955 3678 Habent
973 3641 1081 3694 quoque
1516 3607 1597 3672 simo
1619 3606 1723 3671 fiatri,

246 3695 317 3765 Epp.
334 3696 413 3751 Bern.
432 3696 480 3750 vl.
499 3714 526 3766 p.
543 3695 593 3749 563
612 3702 640 3748 et
657 3695 787 3750 Simlerne
807 3693 870 3750 Vol.
887 3693 943 3761 88.)

1132 3282 1187 3350 (Ex
1218 3282 1387 3352 autographo
1415 3281 1480 3336 uod
1513 3281 1593 3403 Sapo·
1612 3281 1729 3417 ᾑὲίξθ.
1753 3281 1830 3337 Tom.
1864 3280 1906 3345 3⁷,
1934 3283 2004 3353 Epp.
2027 3283 2102 3338 VIII.

196 3864 413 3932 Ornatissimo
443 3868 515 3931 viro
542 3876 575 3931 et
603 3873 804 3950 symmystae
827 3863 909 3928 mihi
931 3864 1079 3948 apprime
1131 3863 1183 3926 De
1212 3862 1349 3944 publicis
1378 3863 1451 3928 istis
1478 3864 1607 3944 piorum
1635 3860 1733 3925 etiam
1756 3883 1793 3927 ao
1816 3860 2017 3926 eruditorum
2038 3860 2097 3927 hc·

110 3950 248 4038 [colende
268 3952 384 4018 Ioanni
414 3951 581 4039 Wolpbio}
1131 3947 1258 4012 minum
1289 3948 1511 4013 simultatibus
1543 3944 1753 4013 conciliandis
1786 3949 1911 4011 utinam
1951 3967 2098 4012 summus

836 4033 992 4121 [Dyma]
1130 4034 1184 4097 ille
1203 4034 1387 4116 pacificator
1397 4041 1508 4098 noster
1516 4030 1668 4097 Christus
1679 4032 1940 4114 praesentissimo
1952 4031 2098 4097 numinis

1130 4121 1180 4182 sui
1203 4120 1320 4201 spiritu
1342 4119 1488 4183 omnium
1510 4128 1641 4201 pectora
1663 4120 1709 4183 sic
1731 4116 1932 4201 conglutinet
1953 4129 1990 4180 ut
2011 4115 2098 4181 idem

196 4209 236 4274 In
259 4210 444 4292 praesentia
470 4207 555 4291 quod
584 4207 757 4272 scriberem
787 4204 871 4270 nihil
898 4213 985 4283 erat,
1015 4205 1078 4269 nisi
1130 4204 1241 4270 dicant
1262 4225 1300 4269 ae
1321 4204 1480 4280 sentiant,
1509 4202 1639 4268 solliciti
1660 4200 1788 4284 semper
1810 4223 1942 4267 servare
1964 4202 2098 4283 spiritus

107 4304 147 4360 ut
168 4294 280 4361 literas
302 4296 511 4373 remitterem,
534 4314 617 4376 quae
640 4313 754 4374 nuper,
782 4313 883 4375 quum
909 4291 1007 4357 isthic
1028 4312 1079 4356 es·
1130 4291 1291 4355 unitatem
1308 4291 1344 4353 in
1366 4288 1495 4354 vinculo
1517 4289 1614 4371 pacis.
1650 4288 1752 4354 (iuius
1773 4288 1822 4352 rei
1844 4308 1934 4370 spem
1957 4287 2098 4353 nonnul·

106 4401 190 4459 sem,
204 4384 228 4462 ¹)
250 4381 379 4446 comitis
399 4380 464 4446 mei
488 4378 573 4462 apud
596 4399 692 4461 quem
714 4398 770 4444 eas
791 4378 1005 4461 deposueram
1027 4376 1079 4441 in·
1129 4376 1196 4440 lam
1218 4375 1297 4439 mihi
1324 4375 1402 4440 feeit
1425 4373 1575 4440 celuim
1596 4375 1652 4456 qui
1674 4385 1768 4439 sexta
1790 4371 1942 4439 Octobris
1959 4370 2024 4437 huo
2045 4392 2099 4438 ms

1130 4462 1308 4526 salutatum
1330 4462 1420 4526 venit
1432 4464 1459 4537 ¹)
1477 4458 1651 4525 deflectens
1669 4458 1817 4524 nonnihil
1836 4478 1855 4522 a
1872 4468 1960 4524 reoto
1982 4459 2099 4524 itinere

1130 4568 1230 4630 quum
1255 4546 1471 4611 Francofurto
1494 4566 1625 4610 rursum
1648 4544 1819 4610 Genavam
1842 4543 1939 4609 rebus
1962 4543 2099 4611 feliciter

150 4689 156 4701 .
212 4619 240 4687 l)
268 4620 341 4674 M·
376 4619 475 4701 ΒΜ.
502 4618 724 4687 mmmmm
747 4622 829 4671 ”m
854 4615 923 4669 ¹⁵²4
944 4631 962 4670 ⁰
985 4615 1078 4697 Zebda
1129 4633 1283 4699 confectis
1304 4630 1433 4697 rediret.
1467 4630 1502 4695 Is
1516 4631 1602 4694 enim
1623 4629 1711 4694 inter
1728 4640 1856 4694 caetera
1866 4630 1978 4694 istuc*
1999 4629 2098 4695 etiam

105 4704 188 4744 cuam
205 4704 342 4744 meceaaer
356 4689 420 4756 tart,
438 4688 500 4741 elem
517 4686 654 4754 aduectus,
672 4691 794 4754 patrem
830 4700 860 4740 er
959 4684 1077 4739 damma·

103 4758 145 4814 ἢ)
162 4764 187 4812 ,2
203 4759 334 4827 ww„
349 4758 541 4826 samm„
557 4755 763 4809 mmmm„
896 4758 958 4822 po„
971 4754 1077 4822 Am,
1129 4719 1213 4820 clam
1231 4739 1283 4783 me
1301 4739 1372 4783 esse
1390 4717 1502 4816 noluit,
1524 4714 1623 4781 semel
1646 4715 1858 4816 constitutum
1880 4714 1920 4779 ab
1942 4715 2097 4814 ipsignio-

105 4832 226 4883 matam
243 4827 359 4896 reliquit.
397 4824 558 4893 (Reserate
576 4823 624 4879 111.
640 4822 696 4887 91.)
1128 4803 1218 4870 ribus
1246 4803 1446 4869 Germamae
1475 4811 1607 4866 nostrae
1635 4800 1811 4884 theologrs,
1845 4807 1884 4865 ut
1911 4820 2096 4884 principum

210 4894 241 4963 8)
260 4894 565 4964 Gereapiumeentirme
581 4908 640 4947 cum
657 4891 764 4960 collepia
780 4889 979 4958 disceptantem,
995 4905 1077 4959 quum

104 4963 223 5019 Interim
242 4980 350 5018 servem
367 4966 486 5019 coluerit.
513 4961 619 5029 (Mart.
639 4959 722 5014 Diae.
737 4957 794 5021 54.)
812 4956 926 5011 alsat
943 4975 961 5011 a
978 4960 1077 5027 mepte·
1156 4982 1178 4985 ψ
1219 4981 1232 4984 -
1260 4982 1274 4984 ff
1324 4982 1327 4983 ⁷

103 5039 184 5088 trata
201 5032 329 5087 dimissus
346 5039 392 5087 eet.
428 5031 543 5099 (Rocbr.
561 5030 612 5084 III.
628 5028 684 5091 93.)
722 5028 797 5084 Obiit
813 5024 889 5080 1559.

211 5100 241 5168 9)
264 5101 321 5170 Tpp
372 5102 461 5170 ephrea
473 5099 647 5154 Beselemar's.
666 5095 1076 5164 Muscale'acripteplttrimacc
1228 5092 1259 5159 2)
1276 5108 1309 5146 ce
1327 5093 1516 5162 Argentorate.
1831 5159 1836 5169 Ι
2002 5156 2007 5169 Ι

103 5172 259 5293 welo
345 5173 441 5225 teram.
1128 5162 1221 5216 2550.
1232 5160 1262 5224 1)
1280 5177 1313 5215 ee
1341 5162 1441 5216 limiae
1462 5160 1627 5217 Necemaam
1659 5173 1760 5213 omma.
1803 5157 1884 5212 Vides
1910 5170 1971 5210 eom
1994 5173 2025 5211 m
2049 5156 2100 5213 boe

212 5239 241 5306 1)
305 5240 449 5306 attestato
468 5236 603 5292 (immam
619 5235 737 5290 rediens.
1126 5233 1224 5286 itinere
1243 5229 1475 5296 Domesurtemi
1490 5232 1592 5285 amieos
1607 5229 1735 5282 iaetaiaae
1750 5232 1879 5297 quotquot
1894 5231 2009 5295 poteret.

216 5323 328 5379 emeat
340 5338 433 5393 opero.
468 5320 529 5379 Vel.
547 5319 579 5375 X
583 5319 633 5377 Vl.
1856 5312 1888 5366 tr
