4754 5880
1031 334 1294 403 uPlsrolrhll
1315 337 1528 404 2466-2467
2225 338 2285 401 172

288 342 349 407 171

286 529 354 597 ian
376 535 533 612 expertus
554 528 709 609 sisquam
727 546 843 607 parum
865 525 924 590 tibi
945 524 1105 607 profuerit
1126 531 1261 589 ventosa
1312 525 1430 590 nescio.
1472 521 1511 589 Si
1533 544 1634 590 verus
1661 530 1712 589 est
1733 544 1855 602 rumor,
1877 523 2084 608 implacabile
2113 523 2285 590 Voleroadi

288 614 430 679 hominis
458 612 643 677 ostentatio.
691 610 827 677 Utinam
857 611 1049 675 tamensim
1072 630 1179 675 vanus
1201 630 1260 673 au·
1311 608 1423 675 odium
1447 611 1482 674 in
1509 609 1688 675 multorum
1715 608 1867 675 cordibus
1884 620 2011 694 regnat,
2029 611 2122 676 cuius
2140 610 2284 676 occultae

288 720 351 784 gur
374 707 407 765 ct
434 699 525 764 brevi
552 695 744 780 intelligam,
766 694 922 778 quidquid
943 694 1122 778 optandum
1144 692 1206 759 fuit
1228 701 1260 758 te
1310 695 1392 760 mihi
1419 703 1498 761 sunt
1525 717 1650 761 causae.
1706 694 1868 774 Olbracus,
1898 696 1955 779 qui
1985 695 2145 762 Richards
2179 716 2283 761 succe·

289 786 442 869 adeptam
471 805 549 849 esse.
598 782 794 865 Quanquam
828 781 857 846 si
890 782 975 845 nihil
1003 780 1093 846 aliud
1127 779 1260 845 audiero
1313 779 1377 860 det,
1389 784 1415 857 ο)
1451 782 1536 846 bona
1567 780 1632 846 fide
1668 781 1765 846 malis
1792 780 1943 847 omnibus
1969 780 2095 846 mederi
2130 781 2280 847 studebit
2322 795 2325 800 ·

288 891 386 953 quam
414 877 446 934 te
476 890 549 934 cum
583 868 691 950 aliqua
719 887 777 950 spe
798 866 970 932 dimissum
987 888 1067 945 esse,
1090 866 1152 932 hoo
1173 863 1260 949 apud
1311 866 1408 947 Quod
1440 867 1470 931 si
1497 865 1631 932 tandem
1658 866 1743 931 nihil
1771 867 1927 950 proficiet,
1949 867 2014 932 alia
2035 867 2120 932 forte
2142 866 2283 932 ineunda

287 977 342 1021 mc
374 953 511 1038 frigebit.
563 954 649 1018 Nam
679 975 699 1017 a
726 951 936 1036 principibus,
966 973 1047 1035 quos
1080 951 1260 1017 liberaliter
1310 953 1373 1017 erit
1394 953 1479 1018 ratio
1499 952 1539 1018 de
1556 974 1620 1035 qua
1637 951 1759 1035 aliquid
1781 952 1867 1035 apud
1896 952 2152 1019 Valeraodama
2182 953 2189 966 ’
2217 953 2234 1017 ⁸.
2244 956 2282 1028 ¹⁰)

287 1042 479 1124 promittere
507 1060 574 1104 non
603 1039 713 1122 pudet,
735 1040 917 1121 quaesitum
939 1038 1038 1103 fuisse
1056 1032 1259 1121 putabolho·

288 1136 401 1192 nestas
417 1125 629 1191 recusationis
646 1131 862 1206 praetextum.
893 1122 933 1188 Si
955 1132 1076 1200 tamen,
1094 1123 1180 1206 quod
1203 1122 1260 1188 vix

288 1212 370 1277 mihi
398 1210 552 1276 credibile
584 1219 652 1290 est,
686 1210 771 1275 serio
804 1209 845 1273 de
877 1208 1087 1293 pacificandis
1115 1208 1260 1274 ecclesiis

289 1318 309 1362 a
332 1318 386 1362 ere
404 1295 617 1373 instituerint,
636 1294 745 1360 danda
766 1294 860 1359 nobis
883 1303 933 1359 est
950 1315 1050 1379 opera
1071 1304 1107 1358 ut
1117 1295 1261 1359 sentiant

289 1319 331 1448 ad
351 1403 482 1447 omnem
502 1379 758 1446 moderationem
787 1400 846 1445 nos
868 1401 939 1445 csse
960 1401 1143 1463 propensos.
1188 1380 1261 1462 Ego

289 1476 386 1545 certe,
415 1468 443 1533 si
472 1476 606 1532 vocatus
639 1467 739 1545 fuero,
768 1485 938 1531 accurrere
968 1467 1079 1530 statui.
1131 1465 1260 1529 Fratri-

289 1553 349 1618 bus
369 1553 493 1619 nostris
516 1552 687 1636 Tigurinis
708 1552 794 1616 idem
817 1550 1014 1634 persuadere
1033 1550 1165 1617 difficile
1187 1552 1259 1628 crit,

311 1640 366 1704 uia
395 1661 429 1704 se
463 1639 594 1721 penitus
619 1636 660 1701 ab
692 1639 783 1701 omni
815 1637 975 1720 colloquio
998 1637 1175 1702 abhorrere
1192 1658 1260 1701 non

313 1724 505 1790 ‘simulant
545 1721 680 1789 Pridem
707 1723 849 1788 solebam
874 1723 922 1787 ita
943 1742 1015 1787 csse
1038 1723 1180 1800 affectos,
1202 1722 1260 1786 sed

287 1812 442 1893 putabam
474 1817 586 1875 nostro
615 1810 761 1874 omnium
789 1810 825 1872 in
852 1807 1016 1874 diversam
1038 1818 1165 1890 partem
1187 1828 1261 1872 oon-

289 1915 389 1961 scnsu
406 1907 440 1959 et
459 1904 507 1959 tot
529 1895 709 1960 rationibus
720 1915 802 1977 quae
819 1893 885 1958 illis
907 1914 973 1958 non
995 1893 1095 1957 semel
1118 1892 1260 1958 obiectae

289 1993 368 2046 sunt
408 1979 564 2046 adductos
596 1989 743 2045 mutasse
778 1981 983 2044 sententiam.
1038 1978 1152 2062 Nuper
1183 1998 1260 2044 vero

288 2067 427 2151 prolixis
448 2067 552 2130 literis
570 2065 658 2148 apud
680 2087 732 2130 me
754 2065 907 2130 disseruit
918 2064 1133 2148 Ballinperas,
1146 2067 1172 2145 θ)
1191 2085 1261 2128 rem

290 2153 359 2217 fore
384 2151 488 2217 modis
515 2151 668 2216 omnibus
701 2150 898 2215 damnosam.
951 2148 1062 2215 Sumit
1089 2150 1177 2215 enim
1199 2150 1262 2214 hoc

289 2239 473 2303 theorema:
503 2237 532 2302 si
561 2227 613 2301 vel
640 2236 805 2301 tantillum
828 2258 848 2300 a
869 2256 952 2318 pura
972 2247 1006 2301 ct
1025 2235 1164 2317 simplici
1187 2234 1261 2299 doo-

290 2321 396 2388 trinac
418 2330 550 2387 nostrae
561 2321 762 2406 professione
784 2323 820 2386 in
842 2320 979 2387 alterius
997 2323 1098 2404 partis
1121 2321 1262 2405 gratiam

290 2406 530 2484 deflexerimus,
559 2407 644 2472 nihil
674 2407 743 2472 fore
769 2407 865 2471 nobis
886 2407 1014 2489 turpius
1037 2416 1071 2472 ct
1087 2406 1162 2489 plus
1182 2404 1260 2470 inde

289 2494 460 2559 turbarum
483 2491 671 2577 propediem
698 2494 900 2558 exoriturum
930 2513 1010 2557 csse.
1055 2491 1093 2558 si
1122 2493 1200 2557 ‘vero
1221 2491 1260 2555 li-

288 2578 366 2644 bere
388 2586 638 2661 constanterque
672 2578 913 2643 defenderimus
943 2599 1042 2661 quam
1068 2579 1261 2663 profitemur
1398 2577 1433 2644 S.
1478 2575 1695 2642 Immodicum
1734 2577 1923 2643 iracundiae
1955 2589 2033 2644 tuae
2059 2581 2223 2646 fervorem
2254 2590 2283 2645 te

291 2665 484 2742 doctrinam,
497 2676 645 2748 paratam
668 2665 762 2729 nobis
784 2685 854 2729 csse
868 2666 1044 2746 pessimam
1066 2661 1259 2741 mercedem,
1312 2665 1423 2729 risisse
1453 2662 1582 2738 vellem,
1611 2685 1653 2728 ne
1675 2663 1749 2728 aliis
1772 2667 1876 2728 risum
1898 2663 1971 2729 aliis
1993 2666 2155 2748 gemitum
2178 2688 2284 2731 move·

290 2758 329 2814 ut
358 2750 542 2834 pervicaces
569 2761 602 2815 et
630 2749 782 2815 indomiti
814 2770 975 2814 vocemur.
1021 2752 1129 2832 Atque
1162 2749 1260 2814 alter-
1312 2772 1374 2815 rcs.
1419 2748 1487 2814 Sed
1510 2770 1552 2813 ex
1570 2748 1675 2814 literis
1701 2750 1769 2815 tuis
1786 2749 1892 2814 nihilo
1912 2760 1946 2814 te
1964 2749 2062 2815 hodie
2090 2750 2284 2817 sedatiorem

290 2843 403 2901 utrum
415 2857 457 2900 cx
469 2834 592 2900 duobus
604 2835 824 2900 necessarium
842 2855 912 2900 esse
924 2835 1048 2899 statuit.
1078 2836 1150 2919 Ego
1173 2855 1259 2913 vcro,
1313 2857 1384 2901 esse
1424 2835 1560 2900 coniicio
1599 2856 1698 2918 quam
1739 2837 1826 2899 inter
1858 2837 1980 2918 primos
2008 2837 2152 2920 impetus
2185 2838 2282 2903 firisti

289 2933 327 2987 ut
348 2922 487 2986 libenter
511 2920 650 2987 concedo
672 2922 810 2986 obscura
832 2928 864 2985 et
886 2920 1040 3004 ambigua
1062 2922 1114 2985 vel
1135 2920 1260 2985 flexilo-
1313 2921 1449 2988 Utinam
1477 2941 1554 2985 vero
1579 2920 1660 2984 istos
1682 2922 1737 3003 qui
1750 2932 1792 2985 te
1815 2922 1885 2985 sine
1902 2920 1997 2987 modo
2016 2923 2209 2988 excruciant
2229 2921 2284 2987 do·

289 3029 354 3090 qua
371 3006 595 3072 conciliatione
607 3007 690 3071 nihil
712 3028 783 3073 esse
801 3005 954 3085 deterius,
972 3008 1018 3070 ita
1036 3028 1102 3071 non
1126 3006 1260 3089 despero
1311 3007 1398 3072 lorcs
1422 3006 1472 3071 vel
1494 3005 1602 3070 ridere
1624 3007 1676 3071 vel
1699 3026 1855 3090 spernere
1876 3006 1991 3085 discas,
2014 3030 2056 3073 ne
2076 3009 2285 3091 intemperies

289 3092 452 3157 sinceram
470 3104 502 3156 et
519 3094 698 3176 ingenuam
716 3092 973 3157 moderationem
993 3112 1090 3174 posse
1107 3092 1259 3169 inveniri,
1311 3114 1408 3175 quam
1436 3093 1587 3157 nesciens
1619 3091 1728 3173 prodis
1766 3101 1857 3156 tuam
1890 3093 2166 3173 existimationem
2200 3093 2284 3178 apud

289 3199 372 3261 quae
400 3178 510 3261 probis
538 3179 688 3243 omnibus
714 3178 824 3243 futura
846 3178 889 3241 sit
912 3177 1000 3242 cordi
1023 3188 1056 3242 et
1078 3177 1259 3243 cervicosos
1311 3178 1433 3243 multos
1459 3187 1576 3261 gravet
1602 3187 1636 3242 et
1663 3178 1782 3260 probos
1809 3177 1958 3244 homines
1980 3180 2117 3244 minuat
2162 3179 2215 3245 Dc
2237 3181 2284 3263 pi·

289 3265 370 3329 istos
402 3263 552 3329 homines
584 3263 716 3347 frangat
741 3264 795 3347 qui
823 3263 1033 3330 tumultuosis
1063 3263 1259 3330 clamoribus
1312 3285 1370 3348 gro
1391 3263 1448 3327 illc
1459 3268 1486 3340 2)
1508 3263 1708 3345 ncnloquor,
1726 3264 1818 3329 cuius
1840 3272 1951 3329 tamen
1963 3284 2066 3348 aequo
2075 3266 2185 3330 animo
2197 3274 2284 3347 tepo-

289 3350 401 3414 orbem
419 3347 623 3415 conturbant.
664 3349 825 3430 Quamvis
850 3370 927 3432 ergo
949 3349 1050 3413 alieni
1071 3350 1137 3414 sint
1159 3349 1260 3432 Tigu-
1312 3370 1382 3413 rem
1415 3369 1452 3414 ac
1474 3363 1638 3431 torporem
1660 3349 1796 3427 ferebas,
1818 3349 1921 3416 donec
1942 3351 1978 3414 in
1998 3350 2129 3433 privato
2151 3360 2208 3416 tuo
2229 3372 2284 3416 ne-

290 3435 354 3501 rini
381 3455 400 3498 a
429 3435 595 3518 colloquio,
630 3435 659 3500 si
691 3435 837 3500 oblatum
870 3435 977 3512 fuerit,
994 3435 1184 3517 pertrahere
1207 3455 1261 3498 eos
1334 3436 1409 3513 ctio,
1439 3433 1495 3498 ubi
1525 3433 1658 3499 volebas
1691 3436 1912 3514 effervescere,
1935 3435 2087 3520 frigidius
2117 3459 2153 3503 se
2175 3436 2283 3522 gessit

289 3521 440 3598 conabor,
463 3528 601 3586 atcerte
623 3542 688 3585 non
706 3528 775 3586 tam
796 3520 995 3585 inhumanos
1017 3521 1086 3585 fore
1103 3521 1260 3603 suspicor,
1312 3456 1381 3586 gad
1413 3520 1479 3598 alii,
1512 3519 1607 3585 crede
1637 3519 1730 3599 mihi,
1765 3521 1829 3585 nisi
1859 3521 1920 3585 tibi
1952 3529 2080 3587 mature
2113 3532 2285 3606 temperas,

289 3615 328 3671 ut
352 3613 513 3671 recusent.
562 3608 670 3671 Tuum
700 3608 825 3671 interea
851 3607 914 3669 erit
935 3606 1115 3689 prudenter
1137 3626 1261 3683 cavere,
1312 3607 1448 3673 tacitum
1470 3604 1511 3670 de
1542 3613 1599 3670 tuo
1627 3606 1759 3689 ingenio
1791 3605 1947 3672 iudicium
1970 3607 2090 3672 sacient
2112 3607 2199 3692 quod
2227 3607 2285 3674 tibi

288 3691 494 3757 ornatissime
527 3691 587 3771 vir,
622 3713 663 3756 ne
693 3703 725 3756 te
758 3691 946 3756 existiment
976 3692 1079 3757 nimia
1107 3692 1261 3756 facilitate
1311 3692 1427 3756 merito
1456 3691 1530 3773 plus
1560 3690 1679 3756 doloris
1709 3693 1824 3757 afferet
1846 3714 1944 3775 quam
1966 3694 2089 3759 multae
2111 3715 2219 3779 nugae
2246 3693 2284 3758 de

287 3776 415 3861 lapsum
445 3776 622 3859 quidquam
651 3777 760 3842 moliri
788 3776 874 3860 quod
904 3777 1036 3842 sinistro
1065 3775 1261 3859 praeiudicio
1312 3777 1429 3860 quibus
1454 3777 1553 3842 nimis
1586 3777 1684 3842 anxie
1708 3777 1845 3843 laboras.
1890 3779 2005 3862 Neque
2037 3781 2135 3858 enim,
2170 3782 2198 3845 si
2228 3800 2284 3863 pro

289 3883 420 3930 causam
447 3872 592 3928 nostram
620 3873 744 3947 gravet.
790 3862 983 3945 Quanquam
1011 3862 1075 3928 nisi
1098 3873 1263 3926 maturent
1312 3883 1373 3929 sua
1402 3862 1606 3929 humanitate
1625 3874 1657 3928 et
1679 3863 1909 3929 benevolentia
1930 3864 1990 3929 tibi
2011 3865 2197 3949 ignoscunt,
2216 3865 2284 3930 ideo

290 3948 467 4030 Principes,
496 3948 606 4014 nescio
635 3971 678 4013 an
705 3948 765 4013 tibi
785 3949 894 4014 licebit
916 3948 1040 4014 diutius
1062 3956 1261 4030 exspectare.
1312 3950 1394 4012 vitia
1427 3949 1566 4028 probant
1595 3949 1634 4012 de
1662 3949 1780 4031 quibus
1803 3961 1836 4014 te
1856 3949 1960 4014 libere
1982 3949 2150 4016 admoneo.
2195 3952 2283 4028 Esto,

290 4033 387 4111 Nam,
411 4034 440 4098 si
461 4055 578 4098 verum
599 4034 712 4099 scribit
723 4034 941 4114 mainus,
952 4036 979 4111 ⁷)
1002 4033 1152 4098 nobilitas
1166 4034 1262 4098 Polo·
1313 4035 1444 4098 ruinam
1467 4033 1527 4098 sibi
1548 4034 1645 4098 malis
1667 4036 1791 4100 artibus
1812 4045 1956 4101 accersat
1973 4035 2169 4116 Baldaa'aas,
2192 4035 2284 4101 modo

291 4120 366 4185 niae
387 4141 470 4202 quae
488 4118 695 4203 evangelium
713 4119 864 4201 amplexa
886 4129 936 4183 est
954 4128 1030 4183 ante
1047 4128 1114 4184 tres
1133 4139 1263 4185 menses
1313 4139 1356 4182 ne
1387 4129 1455 4182 tam
1482 4118 1599 4200 cupide
1635 4128 1770 4202 appetas
1797 4121 1884 4203 quod
1912 4123 2021 4204 potius
2050 4121 2285 4205 deplorandum

292 4213 326 4270 te
348 4225 512 4270 accersere
535 4204 686 4270 decrevit.
732 4204 806 4270 Scio
830 4205 970 4270 antehac
992 4224 1058 4268 non
1080 4205 1140 4271 tibi
1162 4203 1264 4271 fuisse
1314 4210 1412 4279 est³)
1443 4204 1532 4284 Quid
1554 4205 1642 4268 enim
1663 4205 1725 4270 sibi
1744 4205 1817 4270 vult
1837 4206 1895 4270 illa
1916 4205 1956 4272 de
1978 4207 2149 4290 stipendiis
2157 4212 2186 4286 ⁴)
2208 4206 2284 4272 adeo

292 4291 329 4354 in
357 4291 466 4355 animo
489 4289 565 4355 illuc
587 4290 748 4369 accedere,
773 4291 835 4357 nisi
856 4289 1012 4355 mandato
1034 4291 1146 4373 Regis.
1191 4292 1263 4356 Me·
1314 4288 1452 4355 sollicita
1478 4289 1666 4372 inquisitio?
1696 4290 1765 4356 Our
1790 4293 1936 4357 animum
1967 4304 2059 4357 tuum
2088 4294 2136 4360 sic
2164 4294 2285 4360 mentio
2361 4314 2364 4328 ⁴

292 4378 397 4440 moria
425 4377 524 4440 etiam
558 4386 652 4441 teneo
680 4377 753 4458 quis
781 4388 888 4439 metus
906 4376 1098 4459 profectioni
1115 4384 1192 4440 tuae
1210 4375 1263 4440 cb·
1314 4377 1511 4442 successoris
1543 4376 1741 4458 exasperat?
1793 4377 1881 4457 Quid
1913 4378 2011 4458 enim,
2043 4376 2072 4443 si
2099 4379 2208 4446 locum
2230 4378 2284 4445 abs
2362 4404 2364 4416 ·

294 4470 403 4525 staret.
456 4460 524 4525 Sed
543 4460 621 4526 dum
642 4459 738 4526 video
760 4461 885 4544 Regem
908 4460 1051 4525 libenter
1072 4463 1177 4527 iacere
1195 4482 1263 4527 me·

1747 1514 1847 1586 2466.

1534 1668 1768 1736 CAIrVHlUS
1791 1668 2064 1736 HO'POMANO.

1397 1839 1549 1904 Animam
1587 1842 1656 1905 eius
1692 1862 1731 1906 ec
1762 1842 1984 1922 disceptatione
2017 1862 2088 1907 acm
2120 1842 2278 1910 Boldaiao

1313 1924 1400 1990 altra
1420 1926 1546 1991 modum
1567 1927 1751 1992 amictum
1770 1928 1883 1993 sedare
1904 1928 2013 1993 dade.

1313 2095 1474 2217 (ldxergplar
1496 2097 1677 2150 authenticum
1700 2100 1870 2151 amanuensis
1892 2114 1974 2150 manu
1996 2100 2127 2168 scriptum
2150 2106 2241 2153 exstat
2255 2100 2280 2151 in

1312 2163 1377 2218 Ood.
1421 2180 1498 2221 aner.
1517 2163 1589 2230 107⁸,
1608 2166 1653 2219 iol
1671 2164 1730 2219 305.
1765 2167 1928 2220 Recentiora
1949 2169 2072 2221 invenies
2095 2168 2124 2221 in
2142 2169 2208 2223 Cod.
2228 2166 2281 2231 108,

1311 2233 1358 2287 fol.
1378 2231 1436 2299 179,
1455 2233 1559 2288 Barcae
1576 2236 1606 2288 in
1623 2235 1693 2303 lipp.
1712 2234 1773 2288 VII.
1791 2253 1817 2305 p.
1835 2233 1878 2302 32,
1896 2241 1925 2289 et
1942 2235 2033 2302 Tarioi
2050 2235 2160 2292 Simler.
2179 2238 2211 2291 V.
2229 2235 2280 2302 st.)

1678 2405 1889 2471 Hotomanno
1903 2405 1927 2491 ¹)

215 4569 225 4593 ·
294 4545 384 4609 dium
406 4547 493 4611 inter
515 4546 596 4610 duas
614 4546 719 4625 sellas,
743 4557 775 4611 et
796 4569 833 4611 eo
856 4560 965 4610 tamen
988 4568 1055 4610 non
1072 4548 1175 4612 invito
1193 4549 1264 4630 pios

293 4642 427 4697 strenue
439 4630 599 4715 progredi,
617 4630 675 4695 tibi
688 4632 822 4696 minime
834 4631 1054 4696 cunctandum
1065 4653 1136 4697 esse
1147 4652 1263 4698 censeo

1416 4563 1446 4626 9)
1464 4563 1513 4617 sed
1530 4562 1635 4618 mam
1652 4581 1686 4618 m.
1707 4565 1792 4619 Iuaic
1809 4570 1921 4620 emate
1972 4566 2082 4630 erectae.

1402 4632 1445 4697 10)
1465 4632 1618 4701 Epistolam
1646 4650 1679 4687 m.
1704 4633 1796 4699 Maio,
1825 4640 1850 4688 et
1875 4635 1924 4702 qu'
1943 4651 1983 4687 rm
2008 4640 2131 4703 rupem
2158 4639 2285 4705 scriptam
2359 4651 2364 4665 ·

296 4716 398 4783 donee
417 4718 487 4799 ipse
516 4728 617 4782 vocet·
659 4715 726 4781 Sed
753 4717 829 4800 quid
856 4718 997 4783 nuncius
1019 4726 1095 4783 tuus
1117 4718 1265 4783 attulerit
1311 4701 1407 4767 sabee,
1432 4701 1480 4754 aed
1503 4708 1647 4824 coaegerim
1667 4701 1797 4756 Calbim
1814 4702 1847 4755 de
1864 4702 1934 4757 cote
1953 4702 2174 4770 Stuttcordioais
2191 4707 2285 4760 emto

294 4825 370 4867 mox
393 4804 541 4869 sciemus.

380 4889 432 4953 De
458 4887 636 4972 gallicanae
665 4887 856 4970 ecclcsiaess)
889 4887 1030 4954 dissidiis
1059 4889 1136 4970 quid
1160 4891 1264 4954 dicam

398 5110 428 5241 ii
444 5108 721 5244 lilibet...-
738 5176 775 5230 Ν.
792 5174 861 5228 2431
879 5178 911 5231 ee
929 5179 978 5233 aa
994 5178 1068 5232 aava.

400 5245 427 5311 8)
447 5245 706 5310 Francofurdeacrs.
747 5270 749 5275 2

1312 4770 1375 4836 fieri
1389 4769 1516 4837 potuerit,
1533 4785 1564 4825 θο

1314 4839 1382 4893 aar
1399 4844 1424 4891 a
1448 4839 1480 4892 a.
1497 4770 2286 4910 ...t-3⁹⁶5.tt..⁹.t⁰tlt·t²’sstltllt⁶t²¹”a“⁰“.t
2354 4841 2364 4868 ·‹

1313 4907 1443 4974 epistolae
1460 4907 1640 4962 desideratur.

1315 4975 1447 5097 2466?
1466 4975 1603 5084 Udones?
1612 4992 1647 5030 m.
1662 4992 1706 5044 pr.
1724 4977 1755 5030 ia
1772 4978 1903 5045 marciae.

1417 5044 1445 5178 33
1506 5128 1522 5167 o
1545 5062 1660 5181 timpora
1677 5112 1780 5168 Noster
1802 5114 1923 5169 condam
1947 5120 2043 5169 conca
2061 5116 2234 5174 Boldas'nroa
2255 5133 2285 5173 ea

1316 5183 1401 5243 fervet
1417 5182 1565 5236 inimicitia
1653 5183 1707 5235 iam
1726 5183 1899 5238 Hotomanus
1916 5189 1941 5238 et
1958 5187 2016 5252 ipse
2031 5192 2135 5253 postea

1418 5248 1450 5316 4)
1472 5249 1539 5305 Vide
1589 5248 1689 5317 dili,
1706 5257 1763 5307 aot.
1780 5249 1805 5306 3.
1842 5251 1913 5306 Inde
1928 5254 2005 5306 irae!
