4778 5888
280 302 341 366 367
1032 294 1291 363 ΕΡῙΒΤΟΙιΑΕ
1314 298 1525 360 aeta—2573
2212 300 2273 371 368
2301 300 2302 304 ’

280 489 374 554 nobis
395 487 528 570 placent
548 496 582 551 et
603 493 759 569 quantuni
788 486 962 569 probemus
989 485 1047 550 illa
1068 506 1152 568 quae
1174 483 1250 548 mis·
1303 504 1377 548 nem
1412 492 1566 550 vestram.
1612 483 1764 568 Magistri
1799 484 1900 549 nostri
1941 485 2023 549 beno
2056 485 2274 550 meminerunt

280 573 397 640 cnistis
414 572 454 637 de
472 571 571 637 variis
589 572 703 655 poetis.
741 570 828 652 Quia
850 578 927 636 sunt
948 570 1051 636 bonae
1071 569 1252 636 sententiae
1303 569 1389 651 qnod
1415 589 1544 652 semper
1565 569 1777 635 affectavistis
1798 567 1959 651 quandam
1982 569 2275 652 particularitatem

281 669 315 725 et
335 667 542 742 pregnantes,
565 657 757 740 praesertim
769 678 868 739 quum
883 656 984 720 vultis
1007 657 1102 721 finire
1124 655 1252 721 clausu·
1302 654 1342 718 ab
1365 656 1453 719 omni
1482 666 1643 737 tempore,
1674 663 1706 719 et
1734 655 1903 738 cupivistis
1933 656 2039 720 videri
2066 655 2189 722 habere
2217 655 2275 720 ali·

281 744 348 810 lam
378 764 437 827 per
469 764 572 806 renum
604 762 736 807 versum
770 751 828 806 aut
855 740 1036 806 dimidium.
1074 741 1161 823 Quia
1190 739 1252 806 hoc
1303 738 1486 823 quidquod
1515 741 1568 804 alii
1591 761 1657 805 non
1686 740 1857 805 habebant.
1900 740 1984 804 Nam
2007 741 2138 807 sibene
2161 742 2275 806 memi-

282 830 398 895 melius
431 827 585 893 ediscitur
617 828 814 902 memoriter,
857 837 890 890 et
928 827 1055 892 facilins
1092 825 1253 891 retinetur
1303 826 1411 890 nimus
1433 838 1511 890 sunt
1532 827 1600 891 fere
1619 824 1832 910 quadraginta
1852 826 1931 890 anni
1949 836 2007 891 aut
2028 828 2167 904 circiter,
2191 827 2274 909 quod

282 936 379 998 quam
398 921 510 977 textus
528 914 700 995 prosaicus.
739 913 879 977 Rideam
901 913 949 977 illi
966 922 1123 995 quantum
1143 911 1253 974 volent
1303 912 1455 993 coepistis
1487 911 1595 994 legere
1625 911 1815 994 psalterium
1847 911 1933 994 apud
1962 912 2152 977 coenobium
2182 913 2276 978 here-

188 1011 196 1027 ·
282 1000 405 1084 stylum
428 1009 587 1071 nostrum,
618 997 753 1063 dicendo
775 1019 845 1062 esse
867 998 1116 1081 farraginatum,
1148 998 1251 1061 varie·
1303 997 1457 1061 mitarum
1489 998 1594 1061 sancti
1622 998 1814 1080 Augustini,
1844 995 1900 1060 ubi
1929 1017 2066 1080 magnus
2097 1019 2275 1064 concursus

283 1095 404 1169 gastum,
425 1082 676 1166 semipoeticum.
700 1092 732 1145 ct
754 1082 919 1166 quosdam,
944 1084 1045 1146 veluti
1058 1104 1124 1155 vos.
1137 1080 1253 1146 cadere
1303 1081 1472 1147 hominum
1496 1083 1600 1147 factus
1622 1094 1672 1147 est
1694 1081 1733 1147 de
1753 1091 1820 1146 tota
1843 1083 1922 1148 urbe
1944 1091 2078 1165 propter
2099 1105 2275 1156 rumorem,

282 1171 318 1236 in
340 1169 445 1253 pedes.
483 1170 586 1233 Nemo
605 1177 654 1234 est
677 1170 752 1232 boni
774 1168 883 1233 iudicii
903 1170 957 1251 qui
976 1190 1041 1232 non
1061 1169 1170 1233 videat
1192 1167 1253 1233 hoo
1303 1188 1398 1249 quem
1429 1169 1638 1250 incoeperant
1666 1167 1816 1232 nonnulli
1838 1168 1929 1233 vobis
1957 1166 2043 1233 dare.
2080 1167 2147 1234 Sed
2176 1190 2276 1251 quum

282 1255 457 1339 provenire
479 1277 520 1318 ex
542 1254 671 1318 diversa
700 1254 838 1317 lectione
867 1254 1112 1318 omnifariornm
1139 1253 1252 1317 autho·
1304 1252 1387 1316 nibil
1418 1252 1610 1317 audirenta
1639 1253 1731 1317 vobis
1760 1261 1890 1336 praeter
1923 1274 2055 1318 sensum
2085 1256 2276 1338 grammati-

283 1362 372 1416 rum,
407 1362 446 1404 ex
475 1339 590 1422 quibus
615 1360 671 1404 vos
694 1361 731 1404 ae
753 1340 875 1404 similes
906 1341 1007 1403 vestri
1037 1339 1253 1404 substantiam
1304 1338 1416 1407 celem.
1440 1349 1472 1405 et
1492 1339 1616 1420 aliquas
1627 1339 1832 1420 quaestiones
1844 1358 1959 1420 parum
1973 1339 2081 1416 utiles,
2094 1340 2275 1422 derelique-

284 1424 409 1511 sugitis,
433 1424 518 1507 quod
540 1426 749 1508 praecipuum
771 1435 829 1501 est,
853 1425 1094 1489 etnonouratis
1114 1424 1252 1488 multum
1305 1432 1385 1487 runt
1406 1422 1603 1488 auditorium
1622 1433 1779 1488 vestrum.
1816 1425 1907 1487 Tunc
1924 1424 2077 1508 magistri
2095 1427 2201 1490 nostri
2218 1427 2275 1490 ob·

286 1513 325 1577 de
353 1511 578 1595 grancliloquio
601 1522 632 1574 et
664 1510 852 1575 elocutione.
890 1511 935 1573 Et
962 1520 1071 1574 tumen
1094 1521 1253 1591 quantum
1304 1521 1517 1574 servaverunt
1546 1510 1699 1574 lectiones
1728 1517 1855 1574 vestras
1883 1511 2031 1593 propius,
2062 1511 2276 1576 auscultando

285 1598 324 1662 ad
348 1619 421 1673 vos,
453 1604 540 1661 certe
565 1615 621 1661 vos
644 1596 704 1660 hoo
734 1596 811 1660 satis
839 1616 998 1677 superque
1028 1597 1164 1672 curatis,
1195 1616 1253 1660 neo
1305 1615 1362 1658 vos
1390 1615 1449 1677 per
1478 1594 1647 1668 cancellos,
1682 1603 1715 1658 et
1746 1596 1943 1659 invenerunt
1965 1617 2024 1661 vos
2056 1597 2090 1660 in
2125 1596 2276 1661 omnibus

286 1684 364 1746 estis
397 1682 459 1746 nisi
494 1681 631 1745 nimium
664 1682 795 1763 elegans
824 1702 883 1764 pro
905 1680 964 1744 tali
997 1683 1142 1745 materia.
1178 1681 1253 1745 Non
1304 1682 1394 1762 sequi
1418 1679 1657 1745 Cassiodorum.
1695 1678 1789 1761 Quod
1812 1687 1901 1746 certe
1930 1681 2109 1763 approbare
2133 1703 2195 1746 non
2220 1703 2275 1764 po·

285 1777 448 1851 oporteret
466 1788 523 1830 vos
541 1767 693 1832 affectare
715 1775 762 1830 tot
779 1765 968 1849 elegantias,
993 1787 1096 1848 neque
1114 1766 1252 1830 nimium
1304 1775 1450 1830 tuerent.
1487 1765 1544 1831 Sic
1566 1767 1689 1830 farctum
1711 1776 1776 1845 est,
1806 1775 1842 1829 ut
1864 1765 2093 1849 displicuerit-is
2115 1766 2277 1833 omnibus.

285 1854 459 1936 poetisare:
489 1853 564 1934 quia
592 1874 648 1916 vos
675 1853 764 1916 scitis
791 1866 901 1933 poetas
930 1852 1030 1915 fuisse
1056 1852 1252 1935 prophanus.
1306 1850 1387 1915 Tum
1410 1851 1498 1914 enim
1521 1849 1686 1915 auditores
1707 1862 1740 1914 et
1760 1851 1868 1916 clerici
1892 1860 1926 1915 et
1955 1852 2045 1930 laici,
2074 1861 2146 1916 tum
2177 1854 2278 1917 enam

176 2016 185 2025 ι
285 1938 411 2003 Verum
433 1937 585 2018 estquod
603 1938 735 2019 quidam
759 1936 893 2001 inerunt
912 1935 1102 2003 Christiani,
1125 1937 1165 2000 de
1183 1936 1254 2018 qni·
1305 1937 1454 2020 magistri
1476 1937 1580 2000 nostri
1610 1938 1679 2001 eins
1701 1937 1863 2019 opinionis
1893 1938 2041 2013 fuerunt,
2069 1937 2154 2019 quod
2177 1940 2277 2002 eratis

286 2025 346 2089 bus
380 2024 478 2086 etiam
510 2025 590 2087 bene
620 2023 660 2086 ad
690 2022 889 2104 propositum
917 2022 1065 2104 allegetis
1094 2024 1254 2104 quaedem
1304 2024 1412 2105 potins
1443 2022 1688 2104 grammaticus,
1718 2030 1750 2085 et
1779 2022 2009 2101 Cassiodorita,
2042 2043 2142 2105 quam
2173 2024 2278 2087 bonus

287 2111 440 2174 earmina.
485 2106 552 2173 Sed
574 2107 738 2188 loquimur
760 2107 799 2171 de
829 2107 925 2190 stylo,
956 2106 1042 2188 quod
1065 2109 1181 2173 melius
1203 2118 1255 2172 est
1304 2107 1483 2191 theologus.
1520 2107 1573 2171 Ita
1601 2107 1699 2171 etiam
1729 2129 1818 2173 nunc
1847 2108 2027 2173 cavendum
2057 2118 2109 2173 est
2131 2130 2173 2172 ne
2203 2131 2277 2175 cnm

286 2196 336 2259 uti
368 2193 557 2275 theologico.
600 2193 666 2258 Nos
698 2194 781 2258 bene
813 2214 957 2259 essemus
989 2192 1194 2258 Ciceroniani
1227 2194 1255 2258 si
1304 2193 1475 2276 elegantiis
1498 2193 1631 2269 vostris,
1661 2204 1693 2257 et
1722 2212 1807 2279 novo
1830 2193 1968 2275 quodam
1991 2192 2085 2258 modo
2113 2195 2279 2258 tractandi
2332 2231 2335 2239 ·

286 2279 455 2355 vellemus,
478 2289 516 2342 nt
537 2286 615 2343 sunt
638 2280 723 2342 inter
741 2298 800 2343 nos
820 2279 876 2361 qui
898 2278 977 2344 satis
1000 2278 1197 2344 studuerunt
1220 2279 1252 2341 in
1306 2278 1459 2342 materias
1488 2298 1548 2359 per
1576 2277 1822 2361 enthymemata
1843 2280 2053 2357 Rhetorioes,
2088 2301 2173 2362 quae
2202 2290 2280 2344 sunt

287 2364 454 2438 Cicerone,
478 2365 535 2427 sed
559 2364 718 2429 nolumus.
751 2361 838 2444 Quia
861 2364 920 2428 hoc
943 2385 1008 2429 non
1030 2379 1116 2428 esset
1134 2364 1252 2446 magis-
1306 2364 1404 2427 nimis
1426 2363 1546 2442 brevia,
1569 2372 1602 2426 et
1631 2363 1704 2427 aliis
1726 2364 2037 2446 particularitatibus
2061 2367 2189 2444 vestris,
2213 2365 2280 2430 dis·

287 2450 383 2525 reale,
414 2471 472 2513 nee
494 2450 685 2512 conveniret
712 2449 816 2514 officio
838 2459 958 2514 nostro.
1003 2449 1071 2514 Nos
1094 2449 1175 2513 bene
1196 2470 1253 2513 ex·
1306 2449 1451 2532 pliceatis
1473 2470 1538 2512 non
1561 2448 1666 2512 solum
1690 2449 1862 2514 haereticis
1883 2469 1963 2533 quos
1985 2452 2199 2534 impugnatis,
2223 2450 2280 2514 sed

287 2536 469 2601 istimamus
502 2535 601 2599 verba
634 2544 745 2599 nostra
777 2540 905 2599 tantum
941 2535 1063 2613 valere,
1097 2545 1253 2617 quantum
1306 2536 1404 2599 etiam
1428 2533 1603 2606 catholicis,
1625 2544 1657 2596 et
1679 2537 1871 2618 praesertim
1887 2537 2052 2619 magistris
2070 2539 2201 2608 nostris,
2223 2537 2281 2618 qui

287 2620 386 2686 rerba
398 2619 575 2697 Ciceronis,
597 2620 664 2683 Titi
675 2619 772 2696 Livii,
796 2629 828 2682 et
850 2641 952 2684 unum
976 2628 1132 2703 punctum
1155 2640 1255 2702 supra
1306 2631 1415 2684 tamen
1450 2640 1506 2684 vos
1539 2632 1650 2683 amant
1682 2620 1722 2684 de
1755 2621 1838 2685 bono
1871 2620 1976 2686 corde.
2024 2620 2090 2686 Sed
2125 2634 2281 2704 putamus

287 2706 318 2772 si
339 2726 404 2770 non
425 2704 539 2769 valent
568 2705 603 2768 in
626 2705 740 2787 specie,
768 2705 879 2769 valent
900 2706 935 2769 in
957 2705 1109 2787 pondere.
1153 2705 1254 2770 Prae·
1306 2705 1390 2787 quod
1423 2704 1560 2769 credetis
1594 2704 1714 2769 bonum
1747 2706 1935 2776 eonsilium,
1973 2716 2005 2770 et
2036 2708 2107 2772 visa
2142 2728 2282 2772 censura

287 2800 377 2855 terea
400 2811 464 2854 non
483 2801 619 2873 possunt
636 2791 698 2854 alio
717 2790 801 2874 stylo
824 2791 957 2856 tractari
980 2800 1013 2855 et
1024 2790 1127 2856 decidi
1139 2813 1252 2873 quaes·
1306 2800 1419 2856 nostra
1440 2800 1473 2854 et
1495 2791 1576 2855 bene
1597 2791 1769 2869 ruminata,
1792 2794 1901 2857 omnia
1928 2794 1963 2855 in
1981 2792 2099 2857 melius
2121 2792 2281 2858 reforma·

288 2878 394 2941 tiones
424 2885 671 2959 argumentosae
697 2887 729 2939 et
762 2874 912 2953 subtiles,
953 2897 1013 2940 nee
1044 2877 1142 2940 etiarn
1173 2878 1254 2940 bene
1307 2877 1392 2942 bitis.
1427 2875 1519 2940 Deus
1542 2876 1596 2940 det
1625 2876 1824 2941 reverendae
1853 2877 2041 2960 paternitati
2069 2887 2201 2943 vestrae
2222 2900 2282 2960 per

289 2960 447 3044 disputari
471 2962 505 3024 in
529 2959 623 3026 modo
646 2971 678 3026 et
700 2963 812 3046 figura.
847 2961 943 3026 Unde
963 2962 1079 3025 videtis
1100 2961 1184 3043 quod
1207 2962 1255 3026 illi
1306 2963 1571 3027 intercessionem
1601 2961 1722 3026 Baetae
1746 2963 1872 3027 Mariae
1902 2984 2029 3045 semper
2058 2965 2201 3047 virginis
2230 2968 2280 3028 in·

288 3048 345 3131 qui
382 3049 468 3111 inter
501 3068 559 3111 nos
592 3047 705 3111 volunt
737 3068 808 3112 esse
840 3048 952 3130 magni
984 3048 1190 3112 hnmanistae
1222 3057 1255 3112 ct
1307 3056 1484 3112 temeratae
1502 3066 1638 3113 necnon
1660 3047 1827 3113 beatorum
1840 3049 1933 3113 Petri
1951 3048 2093 3114 etPauli
2115 3051 2280 3114 omnium·

288 3133 503 3209 Ciceroniani,
525 3153 590 3196 non
612 3142 691 3197 sunt
713 3131 752 3196 de
770 3133 875 3216 magis
897 3133 1054 3215 promotis
1076 3133 1111 3197 in
1133 3132 1254 3210 schola,
1307 3155 1369 3215 que
1396 3143 1583 3198 sanctorum
1612 3142 1645 3198 et
1673 3142 1860 3199 sanctarum
1889 3135 2111 3217 septiformem
2138 3138 2282 3218 gratiam

288 3238 393 3302 neque
415 3217 479 3281 illis
501 3217 640 3282 multum
663 3217 775 3282 fiditur
796 3218 831 3281 in
850 3216 1012 3284 decisione
1029 3220 1253 3301 quaestionum
1308 3219 1453 3301 Spiritus
1475 3219 1588 3293 saneti,
1618 3228 1651 3282 et
1679 3218 1917 3284 illuminatione
1945 3218 2108 3304 condigna
2130 3241 2190 3285 vos
2218 3223 2279 3284 im·

289 3314 322 3367 et
355 3303 597 3379 difficultatum,
630 3304 705 3387 quia
734 3302 908 3385 aliquando
941 3303 1136 3368 erubeseunt
1167 3304 1256 3386 loqui
1307 3305 1404 3387 pleat,
1434 3314 1471 3369 ut
1493 3324 1636 3386 congrue
1657 3306 1789 3386 possitis
1817 3327 1874 3386 pro
1904 3314 2017 3370 sancta
2038 3316 2146 3371 matre
2168 3317 2281 3371 nostra

288 3399 399 3454 nostro
427 3409 524 3453 more.
561 3389 633 3453 Non
663 3389 755 3454 decet
782 3397 890 3453 autem
914 3390 1071 3453 artificem
1099 3388 1256 3471 pudorem
1307 3389 1465 3465 militare,
1500 3389 1677 3453 Nestoreos
1710 3390 1827 3455 vivens
1860 3412 1978 3466 annos,
2018 3391 2054 3454 in
2087 3390 2279 3474 despectum

288 3475 409 3539 habere
431 3474 470 3537 de
493 3488 562 3539 arte
585 3497 653 3550 sua,
683 3489 740 3538 ant
762 3480 888 3557 oportet
911 3475 1017 3557 ipsum
1041 3481 1093 3543 (nt
1114 3475 1256 3558 vulgari·
1306 3474 1551 3550 haereticorum,
1587 3494 1659 3538 cnm
1693 3477 1781 3540 omni
1815 3476 1997 3540 foelicitate.
2045 3477 2117 3541 Deo
2145 3479 2279 3562 gratias,

288 3561 350 3624 bus
380 3560 488 3624 verbis
519 3565 664 3641 ummur)
695 3560 883 3624 mestierum
914 3563 1067 3642 quietare.
1103 3561 1255 3625 Forsitan
1307 3563 1423 3626 Amen.

289 3644 439 3710 voluistis
460 3645 580 3709 imitari
604 3646 775 3730 magistros
796 3658 923 3710 nostros
946 3647 1179 3724 herculenses,
1201 3646 1257 3729 qui

289 3730 434 3816 profecto
456 3742 533 3793 sunt
555 3731 652 3813 paulo
674 3731 897 3813 elegantiores,
920 3734 996 3813 quie
1016 3732 1133 3816 legunt
1152 3743 1185 3797 et
1207 3753 1256 3796 se·

291 3826 438 3900 quuntur
456 3817 633 3880 Erasmum
654 3817 689 3880 in
711 3838 770 3879 sua
790 3817 948 3882 faerrndia
991 3816 1058 3883 Sed
1080 3839 1142 3882 non
1168 3817 1256 3881 duci·

290 3923 366 3967 mur
383 3901 441 3965 tali
459 3901 682 3967 aemulatione.
709 3902 938 3984 Unusquisque
953 3903 1096 3968 abundet
1112 3905 1256 3967 insensu

291 4007 358 4051 siro.
396 3987 469 4052 Non
502 3987 641 4052 libenter
674 3999 803 4053 assueta
832 3988 1060 4071 relinquimus:
1095 3988 1150 4052 sed
1180 4010 1257 4055 con·

289 4073 373 4137 tent-i
395 4084 637 4137 sumusnostra
660 4094 749 4137 more
778 4085 811 4136 et
839 4094 910 4149 usu,
942 4095 1039 4157 quem
1061 4074 1257 4157 magistrali·

290 4159 351 4223 tati
383 4168 511 4223 nostrae
545 4159 648 4243 magis
681 4160 880 4224 conveniens
913 4181 983 4224 esse
1016 4171 1175 4243 putamus.
1213 4160 1258 4223 Et

290 4243 419 4327 quando
456 4264 513 4308 ros
552 4244 657 4328 magis
696 4245 992 4310 conformavissetis
1032 4245 1071 4309 ad
1114 4257 1257 4310 nostram

291 4330 558 4395 consuetudinem
577 4340 610 4394 et
632 4335 777 4395 nostrum
800 4330 931 4413 stylum,
950 4331 1080 4409 iamdiu,
1102 4339 1138 4395 ut
1159 4331 1256 4405 scitis,

291 4416 458 4493 usitatum,
481 4416 638 4481 fecissetis
660 4416 752 4481 nobis
774 4417 923 4480 omnibus
945 4416 1070 4500 grande
1092 4415 1257 4499 placitum,
1744 4381 1843 4457 ²57³·

1743 3699 1849 3780 Finis,

292 4511 386 4597 et'nt
409 4521 485 4600 isera
514 4501 674 4600 dicamus,
703 4501 806 4564 multo
834 4503 958 4601 gratior
986 4502 1135 4601 fuissetis.
1172 4501 1259 4566 Nam
1560 4534 1794 4604 GALVINUS
1823 4535 2035 4601 INCERTQ

292 4594 392 4650 etiam
413 4594 477 4651 ista
498 4586 673 4651 aemulatio
694 4598 728 4651 et
748 4587 910 4651 affectatio
932 4588 1168 4672 elegantiarum
1191 4606 1259 4651 non

292 4681 342 4735 eet
363 4672 501 4735 multum
524 4674 721 4737 conveniens
742 4673 896 4756 gravitati
923 4674 1100 4739 senectutis
1122 4682 1258 4737 vestrae.
1398 4701 1532 4771 cuidam
1554 4682 1609 4787 q'm·
1630 4727 1663 4770 33
1683 4709 1770 4788 apud
1799 4706 1962 4774 Calvinum
1989 4709 2166 4774 amaeam
2188 4713 2288 4777 credit

293 4754 361 4820 ssd
383 4756 533 4854 ridemus
563 4758 645 4857 bene
671 4757 747 4856 qnid
770 4759 821 4821 sit.
858 4759 1131 4858 Estflqorruptela
1160 4758 1258 4822 huius
1309 4790 1469 4874 respondet
1490 4792 1525 4856 ἐκ
1546 4813 1616 4858 Μ
1644 4793 1737 4872 finem
1767 4799 1801 4858 ut
1825 4795 1894 4874 ipse
1914 4794 1975 4858 Sibi
1996 4801 2102 4860 caveat
2122 4816 2162 4860 ne
2179 4800 2287 4879 mpi-

293 4843 404 4918 seculr,
434 4861 516 4924 quae
538 4845 614 4907 lacit
636 4855 732 4908 etiam
756 4864 849 4909 senes
871 4843 1017 4910 obliuisci
1040 4864 1146 4908 mores
1171 4857 1259 4908 vete·
1310 4876 1448 4942 cmm
1469 4899 1581 4943 (msam
1602 4879 1658 4953 dd,
1687 4880 1891 4944 modestus
1911 4880 1953 4944 Sit
1974 4881 2009 4944 ξπ
2031 4882 2196 4964 ext-yemis
2218 4903 2288 4948 con,

293 4949 355 5006 res,
379 4926 458 4992 adeo
481 4927 608 5025 placent
625 4930 774 4995 omnibus
793 4950 887 4995 nova.
904 4929 1168 5028 ‘Unumbonum
1188 4951 1259 4995 ver·
1309 4962 1497 5043 sessionibus
1519 4964 1558 5028 ab
1579 4965 1623 5028 iis
1643 4967 1699 5045 qui
1719 4964 1796 5030 alibi
1818 4967 1884 5030 iam
1900 4963 2026 5045 preat
2045 4966 2179 5048 suerint.

292 5013 371 5076 bum
393 5011 608 5078 Serbonicum
637 5026 688 5079 sat
716 5016 797 5080 bene
825 5015 1021 5097 applicatum
1051 5037 1086 5079 ιιι
1108 5014 1202 5080 modo
1227 5024 1261 5079 et

293 5099 413 5180 figura·
441 5097 607 5198 habmffl
628 5100 702 5182 Plus
725 5101 871 5198 Virtuti&
895 5121 1002 5200 ‘quum
1026 5100 1136 5201 {leem
1157 5101 1261 5199 millia
1312 5135 1367 5196 (Ex
1390 5137 1455 5190 edit.
1484 5138 1571 5189 Bonae
1591 5135 1690 5189 Gener.
1709 5153 1735 5205 p.
1758 5134 1813 5197 177,
1832 5136 1910 5189 Lens.
1929 5153 1954 5205 p.
1973 5133 2032 5195 373,
2051 5135 2159 5191 Hunos.
2180 5156 2207 5207 p.
2224 5138 2281 5192 417

292 5182 511 5264 phalerarum,
534 5186 649 5268 quibus
668 5206 726 5250 vos
748 5185 921 5250 studuistis
937 5187 1123 5253 lenoomare
1141 5197 1260 5251 oratio·
1567 5203 1670 5257 chouet
1687 5221 1712 5273 p.
1730 5202 1789 5269 239,
1808 5204 1895 5257 Amet.
1916 5222 1941 5273 p.
1963 5203 2031 5269 110.)
2284 5183 2291 5209 ¹
