4688 5910
260 283 326 347 723
1011 276 1271 345 EPISTOLAE
1291 277 1502 341 atto-27⁷2
2138 376 2141 381 Ι
2200 276 2258 337 724

262 468 362 535 fessio
383 468 439 534 illa
455 473 481 547 ¹)
505 468 699 535 sanctissimi
723 465 847 532 Forelli
869 468 971 533 nostri
998 474 1032 533 et
1056 465 1236 533 doctissimi
1289 465 1417 549 aquilae
1445 471 1594 544 renovet,
1624 485 1721 547 quem
1747 484 1813 529 non
1835 462 1931 529 video
1952 461 2057 528 ullum
2080 480 2135 526 me
2162 479 2256 544 porro

261 554 369 620 Betae
390 553 430 619 de
452 554 577 620 Christi
599 574 700 620 coena
720 551 996 638 Wortembcrpensi
1017 552 1156 637 principi
1178 570 1236 616 ex·
1289 571 1407 635 operae
1438 550 1581 635 pretium
1614 571 1687 616 meo
1715 549 1898 615 ministerio
1930 550 1964 613 in
1994 546 2133 613 Domini
2164 546 2256 612 domo

264 641 336 704 hita
348 642 376 716 ²)
399 640 563 723 probetur.
600 637 729 704 Deinde
751 645 789 703 ut
809 638 981 704 certiorem
999 658 1053 703 me
1075 638 1175 704 facias
1193 658 1236 703 an
1287 637 1395 704 facere
1433 657 1537 721 posse.
1591 636 1717 702 Iterum
1756 637 1939 717 iterumque
1976 634 2061 700 vale.
2115 633 2258 698 Biennue

264 726 421 809 seriptum
443 724 525 790 illud
537 724 717 809 Bcilbrperi
739 725 923 789 communis
944 724 1050 804 amici,
1071 744 1134 808 quo
1151 723 1237 787 hanc
1289 726 1319 788 3.
1341 721 1497 790 Deoemb.
1523 726 1614 788 1657.

264 812 395 889 refutat,
417 810 536 895 legeris
554 810 675 894 quidve
693 809 733 874 de
750 810 806 875 illo
828 811 958 876 sentias.
997 807 1088 896 [Non
1106 816 1157 874 est
1175 809 1237 874 hoc

263 896 351 982 typis
381 918 546 975 excusum,
577 896 633 961 sed
661 896 773 961 amicis
801 895 925 979 aliquot
951 896 1236 972 communicatum,

258 980 409 1065 adeoque
425 984 523 1048 etiam
542 982 633 1059 mihi,
657 1002 717 1047 nee
735 981 846 1046 dubito
864 982 944 1064 quin
967 981 1026 1046 tibi
1044 977 1195 1066 quoque]
1208 983 1235 1056 ³)

264 1066 338 1133 Scis
360 1075 469 1133 autem
491 1066 629 1132 candido
650 1087 703 1132 me
725 1067 835 1133 auimo
857 1066 897 1132 de
926 1067 966 1133 iis
988 1075 1021 1132 te
1051 1087 1176 1150 rogare,
1199 1076 1237 1130 ιιι

263 1153 346 1218 nulli
374 1174 507 1237 prorsus
534 1152 690 1236 quidquid
719 1152 925 1236 responderis
953 1153 996 1218 sit
1017 1151 1125 1218 fraudi
1146 1151 1235 1217 futu·
1374 1150 1478 1217 Abest
1511 1150 1677 1217 chclias
1691 1154 1718 1226 ⁷)
1751 1169 1848 1233 quem
1880 1148 2029 1232 equidem
2063 1148 2257 1213 Laueanuae

263 1259 347 1303 rum.
390 1237 520 1304 Addere
546 1240 586 1303 iis
616 1239 713 1304 etiam
742 1238 803 1304 hoo
831 1239 937 1304 visum
969 1246 1019 1304 est
1047 1245 1081 1304 ct
1109 1239 1236 1304 sincero
1288 1239 1354 1302 iam
1375 1258 1447 1303 esse
1468 1237 1670 1315 crediderim,
1701 1255 1764 1319 quo
1785 1235 1884 1300 etiam
1906 1241 2040 1300 senatus
2061 1233 2169 1299 nostri
2190 1233 2256 1299 lite·

263 1330 395 1409 pectore
417 1325 475 1390 abe
496 1332 530 1389 te
550 1331 671 1408 petere,
694 1331 733 1389 ut
750 1322 789 1387 de
807 1325 868 1390 hoc
885 1323 968 1389 mihi
990 1331 1082 1389 tuam
1104 1332 1234 1389 senten·
1288 1345 1343 1389 ras
1360 1323 1408 1388 illi
1426 1325 1599 1407 inscriptas
1616 1321 1714 1387 hodie
1731 1320 1844 1387 curavi
1860 1319 2049 1397 mittendas,
2071 1329 2112 1385 ut
2133 1340 2256 1403 sperem
2339 1328 2342 1337 ’

263 1410 343 1474 tiam
355 1411 688 1494 significes:fueritne
699 1408 852 1476 Christus
862 1410 927 1474 Dei
940 1410 1026 1475 filius
1039 1409 1235 1486 nasciturus,
1287 1408 1474 1493 propediem
1506 1410 1580 1475 istic
1611 1408 1760 1474 futurum
1792 1426 1829 1472 ac
1858 1416 1989 1471 nostrae
2022 1406 2256 1488 exspectationi

263 1496 293 1560 si
314 1497 439 1579 primus
461 1494 518 1559 ille
535 1494 682 1561 Adamus
704 1516 769 1559 non
792 1494 979 1578 peccasset?
1013 1494 1125 1576 Quum
1147 1494 1235 1559 enim
1286 1496 1446 1560 facturum
1470 1495 1560 1560 satis.

264 1582 352 1645 inter
377 1580 530 1647 Omoadri
550 1579 704 1666 dogmata
726 1581 787 1646 hoc
809 1601 938 1665 quoque
965 1581 1179 1658 inveniretur,
1203 1590 1236 1645 et
1372 1581 1427 1646 De
1446 1580 1687 1646 Wormaoiensi
1709 1578 1866 1661 colloquio
1895 1577 1981 1642 nihil
2003 1579 2081 1642 novi
2104 1577 2256 1660 estquod

264 1687 339 1731 cum
358 1666 430 1732 aliis
453 1667 535 1745 istis,
558 1666 598 1731 de
620 1666 787 1731 essentiali
809 1667 935 1731 iustitia
952 1674 1011 1732 etc.
1031 1688 1050 1730 a
1067 1665 1236 1731 nonnullis
1288 1666 1437 1742 scribam,
1467 1667 1529 1731 uisi
1552 1665 1637 1748 qnod
1659 1664 1809 1731 Saxones
1832 1663 1982 1729 nonnulli
2003 1670 2038 1727 et
2065 1663 2141 1746 plus
2163 1684 2257 1747 quam

264 1751 550 1817 indiscriminatim
573 1751 755 1831 damnetur,
787 1752 881 1817 valde
903 1751 1041 1817 miratus
1062 1773 1137 1817 sum
1159 1771 1235 1834 pro·
1288 1772 1388 1819 saxea
1416 1753 1522 1835 capita
1554 1752 1628 1835 plus
1661 1753 1697 1815 in
1726 1772 1764 1816 eo
1797 1750 1948 1814 laborant
1976 1756 2013 1813 ut
2040 1748 2257 1834 Zwingliaucs

264 1838 386 1903 miscuo
414 1837 472 1903 illa
498 1846 653 1921 tanquam
676 1859 695 1901 a
716 1837 868 1903 solidiore
889 1838 979 1903 vorbi
1001 1837 1066 1903 Dei
1088 1837 1237 1903 doctriua
1289 1837 1507 1903 condemnent
1535 1857 1633 1921 quam
1664 1844 1703 1902 ut
1729 1858 1802 1902 cum
1824 1835 1962 1920 papistis
1983 1834 2257 1918 colloquantur.⁸l

264 1921 475 1988 abhorrentia
496 1931 588 1988 tanta
606 1924 780 1989 autoritate
802 1923 901 1999 reiioi,
924 1945 1023 2006 quum
1041 1922 1235 2008 praesertim
1289 1922 1485 2006 Quanquam
1513 1922 1656 2007 optimus
1687 1920 1869 2002 Philippus,
1898 1920 2058 1999 Bruttius,
2091 1920 2255 1998 Pistoriae,

264 2008 340 2073 olim
364 2009 463 2073 etiam
485 2031 603 2092 magno
631 2018 665 2073 et
691 2009 866 2075 excellenti
893 2009 1026 2092 ingenio
1050 2010 1111 2073 viri
1139 2009 1174 2073 in
1197 2029 1236 2073 ea
1289 2018 1321 2075 et
1356 2010 1494 2074 aliarum
1528 2008 1707 2074 multarum
1746 2008 1956 2073 ecelesiarum
1987 2006 2196 2072 Palatiuatus
2226 2018 2257 2071 et

263 2094 385 2159 fuerint
407 2096 582 2173 sententia,
613 2116 717 2177 neque
739 2093 957 2160 dubitaverim
987 2102 1019 2159 te
1046 2115 1173 2178 quoque
1195 2094 1236 2159 iis
1288 2094 1642 2179 Wirtempergcnsium
1660 2094 1804 2159 ministri
1821 2115 1885 2158 non
1903 2093 2025 2158 amicos
2046 2094 2169 2158 fratres
2186 2111 2257 2157 con·

265 2179 484 2258 subscribere,
523 2181 713 2263 priusquam
748 2201 787 2245 ea
819 2201 902 2263 quae
936 2180 971 2244 in
1005 2178 1236 2245 eruditissimis
1288 2181 1442 2246 damnare
1468 2179 1560 2244 nulla
1586 2181 1712 2244 ratione
1742 2178 1925 2244 noluerunt.
1961 2178 2050 2244 Sunt
2076 2178 2139 2242 hao
2168 2179 2203 2242 in
2223 2198 2257 2242 re

264 2267 504 2331 commentariis
524 2268 589 2331 tuis
610 2267 645 2330 in
666 2267 809 2349 primum
831 2266 987 2349 epistolae
1004 2264 1235 2349 adEpheeios,
1288 2268 1335 2332 sio
1357 2267 1467 2331 omnia
1488 2266 1556 2331 fere
1578 2266 1767 2349 perturbata
1784 2264 2036 2347 exulcerataque
2054 2262 2258 2346 quorundam

263 2349 377 2415 itidem
398 2350 440 2415 ad
462 2351 670 2418 Colossenses
693 2360 791 2435 caput
812 2352 972 2435 scripsisti
994 2351 1176 2436 diligenter,
1199 2360 1237 2415 ut
1289 2351 1432 2418 Satanae
1465 2372 1662 2435 organorum
1697 2351 1956 2434 pertinacissima
1987 2351 2193 2433 intemperie,
2224 2361 2257 2413 ut

263 2435 351 2502 soleo
372 2438 479 2500 omnia
509 2447 575 2514 tua,
607 2437 732 2519 pellegi.
770 2437 902 2503 Scribas
924 2437 1025 2521 igitur
1046 2458 1113 2502 uuo
1133 2436 1235 2502 verbo
1287 2438 1379 2503 nulla
1403 2458 1553 2522 prorsum
1584 2439 1627 2502 sit
1659 2435 1820 2521 speranda
1852 2435 2031 2512 concordia,
2064 2436 2130 2500 nisi
2162 2435 2257 2517 impia

265 2521 318 2585 hic
351 2522 436 2604 quod
468 2524 600 2599 sentias,
636 2522 907 2605 quemadmodum
941 2522 981 2587 de
1015 2521 1236 2606 superioribus
1286 2525 1427 2589 istorum
1449 2524 1616 2589 temeritas
1637 2523 1820 2606 principum
1839 2543 1877 2588 ac
1894 2523 2148 2606 magistratuum
2172 2531 2257 2585 auto-

264 2608 363 2671 etiam
393 2608 526 2671 omniuo
560 2608 690 2691 fatigari
720 2617 751 2672 te
781 2608 881 2672 nolim
910 2609 1015 2672 multa
1042 2608 1234 2692 scriptione:
1287 2611 1383 2674 ritate
1404 2618 1600 2674 coerceatur.

265 2691 393 2758 abunde
422 2694 484 2757 erit
511 2694 539 2756 si
568 2692 607 2757 ad
639 2692 768 2777 singula
792 2693 848 2758 vel
876 2695 976 2758 etiam
1005 2694 1058 2759 vel
1092 2715 1155 2758 nou
1184 2715 1235 2759 re·
1372 2695 1441 2760 Nos
1458 2692 1659 2778 supplicibus
1677 2695 1764 2760 votis
1781 2693 1984 2775 assiduisque
2002 2712 2170 2758 sacrarum
2188 2712 2256 2776 pre·

264 2776 435 2863 spondeas.
1287 2781 1452 2847 cationum
1492 2780 1805 2862 interpellationibus
1838 2778 2009 2845 coelestem
2043 2786 2170 2861 patrem
2204 2798 2257 2860 per

350 2862 521 2928 Postremo
552 2885 628 2929 vero
657 2873 690 2928 et
717 2863 799 2928 illud
829 2864 1041 2930 vehementer
1074 2872 1106 2929 te
1137 2864 1235 2928 etiam
1287 2867 1399 2932 lesum
1411 2865 1582 2931 Christum
1604 2866 1823 2942 sollicitemus,
1846 2875 1884 2929 ut
1901 2865 2166 2946 praesentissimo
2183 2884 2257 2946 quo-

265 2956 362 3030 atque
390 2951 489 3014 etiam
519 2950 660 3026 obsecro,
688 2958 727 3014 ut
754 2970 812 3031 per
841 2951 929 3016 huuc
951 2959 1100 3016 nostrum
1129 2951 1235 3016 civem
1288 2952 1376 3034 piam
1397 2951 1542 3017 remedio
1560 2950 1728 3035 deplorato
1749 2951 1804 3016 isti
1826 2950 2061 3034 propemodum
2080 2949 2257 3014 discordiae

264 3034 422 3118 reliquam
443 3037 750 3101 commentariorum
772 3046 903 3101 tucrum
930 3037 965 3100 iu
987 3035 1138 3101 Psalmos
1160 3056 1235 3119 par·
1287 3036 1399 3103 morbo
1421 3056 1517 3119 quam
1549 3038 1690 3119 primum
1713 3037 1891 3109 medeatur,
1924 3056 1966 3100 ne
1995 3035 2173 3101 exitiosum
2200 3035 2257 3099 hoc

264 3131 331 3184 tem
354 3121 476 3200 mittas,
487 3125 513 3200 ⁴)
544 3128 675 3204 accepto
698 3121 773 3186 libri
794 3122 908 3204 pretio,
930 3123 965 3185 in
988 3143 1051 3204 quc
1073 3140 1235 3204 quaecun-
1287 3124 1411 3188 malum
1443 3124 1531 3187 iutra
1563 3122 1635 3205 ipsa
1665 3123 1820 3189 ecclesiae
1849 3122 1975 3188 Christi
2005 3123 2133 3188 viscera
2164 3122 2257 3186 latius

265 3226 327 3289 que
360 3213 437 3271 ante
469 3209 689 3272 octeruiouem
719 3211 787 3271 al
820 3216 950 3291 etpost
972 3228 1002 3290 q.
1029 3214 1055 3283 l,
1086 3207 1148 3272 hoc
1175 3215 1235 3285 est,
1287 3219 1412 3292 serpat,
1445 3219 1600 3291 tantaque
1628 3209 1727 3274 etiam
1755 3210 1930 3275 electorum
1960 3228 2094 3274 suorum
2127 3209 2168 3281 (si
2191 3206 2257 3271 fieri

264 3298 340 3356 ante
362 3293 501 3375 primam
524 3299 648 3374 etpost
670 3296 730 3355 256
749 3294 887 3378 paginas
905 3292 1030 3359 adiecta
1048 3313 1137 3358 nunc
1159 3301 1237 3358 sunt
1288 3297 1411 3378 posset)
1434 3295 1558 3360 iactura
1581 3303 1758 3378 grassetur.

265 3377 421 3443 desidero.
464 3376 561 3458 Quod
591 3380 617 3443 si
647 3379 896 3443 commentarios
924 3379 959 3442 in
988 3376 1108 3443 Ossam
1124 3382 1151 3448 ⁶)
1179 3386 1237 3442 aut
1373 3378 1541 3463 Quidquid
1570 3381 1643 3446 istic
1669 3381 1731 3446 hoc
1753 3400 1839 3445 anno
1861 3380 2027 3464 egregiis
2049 3376 2258 3467 typographis

265 3463 345 3527 alios
374 3464 472 3528 etiam
504 3464 688 3541 absolvisti,
723 3473 756 3528 et
786 3464 860 3530 illos
890 3463 931 3528 ad
959 3484 1012 3529 me
1039 3464 1127 3528 mitti
1157 3464 1235 3529 totis
1288 3488 1444 3532 excusum
1467 3474 1527 3543 est,
1557 3465 1643 3547 quod
1671 3475 1784 3533 nostra
1810 3466 1951 3531 lectione
1973 3464 2114 3548 dignum
2143 3463 2258 3529 iudica·

265 3549 383 3614 animis
401 3549 504 3631 cupio.
540 3549 629 3614 Talis
647 3550 790 3632 profecto
807 3571 879 3615 sum
899 3551 1046 3614 omnium
1063 3549 1235 3615 literarum
1289 3552 1385 3631 veris,
1414 3562 1452 3617 ut
1472 3550 1513 3616 ad
1536 3573 1594 3616 nos
1616 3552 1753 3634 perferri
1776 3571 1878 3629 cures,
1907 3551 2028 3617 obnixe
2050 3558 2257 3631 amanterque

264 3643 394 3699 tuarum
427 3634 543 3712 heluo,
582 3644 621 3699 nt
652 3637 791 3699 saturari
822 3635 914 3701 nulla
949 3635 1077 3700 ratione
1109 3656 1234 3718 queam.
1289 3646 1322 3703 te
1343 3659 1431 3722 rogo.

264 3720 429 3784 Dominus
459 3728 493 3784 et
521 3720 714 3802 corpusculo
729 3718 793 3786 ‘tuo
814 3721 915 3786 robur
936 3729 968 3785 et
990 3722 1099 3787 animo
1122 3741 1236 3804 perpe·

264 3815 355 3870 tuam
379 3806 579 3871 alacritatem
597 3806 704 3881 addat,
727 3805 824 3889 idque
846 3807 1007 3889 tantisper
1027 3806 1105 3871 dum
1123 3827 1237 3872 omues

265 3893 439 3956 canonicae
472 3892 653 3976 scripturae
686 3892 785 3958 libros
825 3892 1132 3974 incomparabilibus
1171 3893 1237 3957 tuis

264 3976 536 4059 explicationibus
558 3977 714 4042 illustres.

352 4064 439 4127 Beue
462 4063 549 4137 vale,
580 4064 624 4127 mi
653 4064 858 4129 sanctissime
888 4065 1006 4142 anime,
1035 4084 1108 4129 cum
1132 4064 1237 4129 omni·

264 4149 326 4213 bus
343 4150 397 4233 qui
421 4149 494 4213 istic
506 4148 677 4214 Christum
695 4151 819 4214 sincere
837 4148 987 4233 diligunt.
1027 4148 1238 4234 Symmystae

265 4242 339 4298 tuos
372 4255 446 4300 cum
479 4237 600 4316 optimo
640 4235 711 4299 viro
752 4235 1045 4318 archigrammateo
1084 4243 1194 4300 vestro
1208 4237 1237 4310 ⁶)
1735 4214 1828 4286 2771·

265 4337 339 4384 mea
360 4322 432 4385 vice
462 4328 652 4385 reverenter
678 4320 966 4402 amantissimoque
988 4320 1102 4385 saluta.
1139 4319 1238 4385 Com·

265 4404 383 4470 mendo
405 4414 514 4470 autem
537 4427 590 4470 me
612 4407 731 4470 vestris
750 4404 893 4482 Domino
923 4405 1118 4490 gratissimis
1147 4425 1238 4487 prae·
1567 4370 1803 4439 OALVINUS
1826 4372 1987 4438 ΒΕΖΑΕ·

266 4492 377 4568 ccuiis,
407 4501 445 4554 ut
465 4492 494 4554 is
516 4492 601 4558 hanc
629 4501 832 4556 senectutem
853 4512 961 4557 meam
982 4491 1238 4556 immortalitatis
1533 4545 1538 4557 .
1673 4545 1679 4558 .
1938 4544 1944 4556 .
1995 4545 2001 4556 .

222 4663 227 4675 x
267 4575 350 4639 stola
390 4576 515 4641 Christi
548 4579 707 4661 sanguiue
736 4576 885 4642 dealbata
925 4577 1103 4659 propedem
1147 4578 1239 4642 velut
1290 4545 1621 4714 mmfflffl
1648 4543 1775 4630 Smila
1802 4564 1882 4624 quae
1910 4542 1960 4608 ’Μ
1989 4564 2024 4607 ”⁸
2051 4563 2174 4624 'lupera
2206 4562 2257 4607 Μ

1779 859 1870 923 'Ihrus
1892 857 1920 923 si
1942 857 2113 941 quisquam
2137 855 2220 922 alius

1837 943 1951 1008 Ambr.
1973 942 2165 1007 Blaurerus

265 4848 358 4904 2770.
372 4849 401 4916 l)
415 4851 496 4916 prior
511 4851 612 4904 mensis
631 4851 713 4917 Maii,
730 4867 811 4920 qaam
830 4850 1007 4918 Bulliapcrus
1024 4851 1173 4905 annotarit.

369 4918 398 4978 2)
417 4918 512 5039 lffm
529 4921 636 4973 camini.
672 4920 759 4989 Laoc:
776 4920 904 4974 exhibita.
1393 4923 1421 4991 7)
1442 4922 1536 4977 Lectio
1561 4921 1653 4988 dabie,
1680 4935 1773 4974 raam
1801 4921 1832 4973 ia
1856 4918 1963 4974 Forella'
1985 4921 2096 4975 nomiae
2113 4919 2258 4975 Bucam

369 4989 398 5049 3)
449 5004 496 5041 occ
512 4991 543 5040 iu
561 4991 690 5056 marpissa.
1291 5007 1385 5049 errare
1403 5006 1458 5046 non
1494 4991 1570 5046 oluit.
1643 5010 1645 5013 ’

368 5055 398 5121 4)
422 5057 497 5123 Opas
514 5057 663 5111 absolutam
680 5059 774 5123 fuerat
792 5057 863 5113 raa.
885 5056 977 5111 loliis.
1394 5061 1425 5126 8)
1475 5061 1509 5126 ie,
1532 5059 1714 5125 struprum
1732 5058 1867 5111 manticae
1889 5056 2019 5111 latronem
2037 5073 2055 5110 a
2075 5054 2189 5111 Caluino
2205 5054 2256 5109 eli

369 5124 399 5186 5)
420 5124 550 5179 Bursam
565 5126 737 5192 willalmi
750 5127 911 5195 wbsscrivtfl
917 5132 1004 5195 potit-
1016 5124 1061 5182 ld·
1070 5125 1101 5180 F
1099 5127 1151 5182 ebr-
1162 5124 1238 5180 1557.
1291 5134 1387 5196 torrem
1412 5130 1486 5183 eides
1507 5144 1588 5197 quom
1612 5131 1680 5182 hate
1695 5141 1830 5180 actorum
1848 5141 1940 5181 reram
1956 5128 2059 5180 actita'a
2075 5128 2107 5180 io
2129 5127 2186 5182 loeo
2204 5138 2258 5194 ptr·

298 5198 308 5262 ἶ
369 5191 399 5258 6)
419 5193 504 5248 Mae.
525 5194 616 5248 Roeet.
1291 5199 1415 5254 seuiebat
1432 5199 1650 5255 commerciorum
1665 5193 1820 5265 fregeratis
1838 5198 1929 5250 minae
1946 5195 2088 5250 cckbroto.
