4778 5888
1040 187 1121 251 1656
1146 185 1250 253 Anu.
2074 196 2138 259 ato

145 375 232 442 nihil
263 375 365 441 nostri
395 395 469 441 cum
502 375 582 457 ipsis
617 382 766 457 egerunt,
788 373 844 456 qui
866 380 904 436 ut
925 380 1001 437 sunt
1025 376 1115 450 (nam
1165 379 1199 435 et
1229 392 1270 436 ex
1292 371 1591 457 wirtembergensi
1625 374 1755 454 ducatu,
1778 376 1861 441 nihil
1883 398 1954 443 esse
1976 383 2044 462 spei
2068 381 2135 448 fore

144 460 352 526 familiariter
373 469 407 525 et
417 459 545 542 prolixe
567 480 640 524 cum
661 460 742 542 ipsis
764 457 901 542 contuli)
923 459 959 522 in
969 479 1008 522 ea
1025 478 1116 541 pror·
1166 465 1204 521 ut
1237 457 1412 540 recipiatur
1453 460 1580 524 sincera
1610 459 1649 525 de
1682 481 1782 526 coena
1810 462 1944 528 Domini
1978 465 2134 533 doctrina.

146 566 202 612 sus
235 546 398 611 sententia
430 559 546 628 quaet
566 545 677 622 vestri,
701 552 734 609 et
755 545 884 625 utrique
905 543 1115 626 reipublicae,
1166 541 1321 622 Quotidie
1349 545 1435 607 enim
1464 544 1614 609 homines
1642 545 1716 609 illos
1736 545 1882 612 duriores
1904 551 2134 631 pertinaciores

145 632 210 695 nisi
250 630 432 697 coalescant
463 630 499 693 in
539 629 676 694 solidam
708 630 905 704 societatem,
939 628 1114 712 perniciem
1166 637 1198 692 et
1227 627 1497 694 intractabiliores
1521 627 1612 694 reddi
1641 630 1675 694 in
1703 651 1761 696 suo
1788 632 1844 697 illo
1866 634 2132 705 Lutheranismo.

145 724 268 783 certam
288 716 490 780 ominantur:
524 716 570 779 ita
588 722 777 798 exspectant
794 713 871 796 quid
893 723 1001 778 vester
1022 734 1114 779 sena·
1165 712 1260 777 Missi
1294 722 1371 777 sunt
1403 713 1444 778 ad
1473 735 1525 779 me
1547 725 1614 779 tres
1637 736 1803 782 sermones
1820 722 2003 801 germanico
2021 724 2134 807 scripti

149 812 212 880 tus,
247 821 344 884 quem
378 803 443 864 iam
472 809 595 863 norunt
627 801 791 865 conscium
831 820 939 863 rernm
958 799 1114 874 omnium,
1166 807 1199 861 et
1220 798 1333 863 excusi
1356 798 1544 882 vulgatique
1566 799 1778 884 aBreatic.³)
1807 802 1885 880 Hui,
1908 827 2002 886 quam
2026 829 2133 875 crasse

146 906 246 969 super
278 886 339 950 hoc
371 886 500 968 negotio
528 883 719 949 tentandum
752 905 822 949 esse
854 892 992 947 statuat:
1016 903 1115 966 quare
1165 893 1199 947 et
1230 883 1389 966 papistice
1417 886 1529 950 scribit
1560 885 1614 951 hic
1643 907 1743 951 senex
1778 887 1947 972 theologus
1970 891 2009 956 de
2031 913 2131 958 coena

146 971 246 1036 velim
273 978 402 1035 mature
429 969 550 1052 aliquid
570 974 632 1053 agi.
677 968 730 1034 Ad
749 969 908 1033 Bernates
930 969 996 1033 iam
1019 988 1114 1050 quos·
1165 968 1309 1032 Domini.
1353 968 1418 1032 Hic
1445 979 1553 1034 autem
1572 969 1785 1053 obsequentes
1808 973 1868 1038 sibi
1891 976 2053 1060 principes
2074 978 2132 1043 ha·

147 1057 223 1122 dam
245 1055 360 1137 scripsi
383 1065 416 1119 et
437 1057 489 1138 egi
512 1055 566 1121 hic
588 1075 661 1120 cum
684 1054 844 1136 aliquibus
867 1075 907 1118 ex
928 1054 1042 1118 maiori
1065 1076 1114 1118 se·
1165 1054 1220 1119 bet
1242 1052 1425 1118 Palatinum
1446 1053 1615 1120 electorem
1634 1067 1667 1120 et
1696 1056 2002 1143 Wirtemberpensem‚
2026 1066 2132 1146 aqui-

146 1150 238 1218 natu,
267 1161 377 1206 coram
405 1142 517 1204 amicis
546 1140 769 1205 Beruensibus
791 1147 924 1205 acturus
945 1160 1017 1204 eum
1041 1139 1114 1221 plu·
1165 1139 1226 1204 bus
1248 1137 1316 1203 fere
1338 1138 1523 1221 dependent
1541 1140 1666 1225 reliqui.
1708 1142 1805 1209 Unde
1828 1145 1966 1211 arbitror
1988 1169 2131 1213 nonam·

146 1228 248 1291 ribus.
291 1225 455 1290 Videntur
482 1235 589 1290 autem
612 1234 645 1288 et
665 1225 784 1289 fratres
802 1223 965 1290 excitandi
987 1224 1114 1307 quoda
1165 1224 1284 1289 bionda
1307 1224 1472 1308 colloquia.
1517 1224 1612 1307 Quod
1642 1229 1668 1292 si
1692 1228 1798 1292 vocati
1822 1230 1978 1296 fuerimus
1994 1233 2034 1298 ab
2055 1234 2130 1313 illis,

146 1328 180 1376 te
199 1313 300 1376 etiam
321 1312 392 1376 fieri
414 1311 521 1386 velim,
545 1319 582 1375 ut
603 1311 688 1375 serio
709 1309 773 1375 huc
791 1324 825 1374 et
846 1309 972 1392 publice
994 1319 1026 1373 et
1048 1311 1113 1392 pri·
1165 1320 1244 1391 puto
1266 1329 1324 1391 pro
1346 1311 1471 1375 ratione
1498 1313 1652 1394 temporis
1675 1312 1867 1378 tentandum
1886 1317 1970 1398 quod
1990 1329 2060 1383 tum
2083 1321 2132 1384 vi·

146 1398 249 1463 vatim
278 1397 479 1471 incumbant,
502 1416 565 1479 quo
586 1397 765 1480 paratiores
792 1397 918 1460 animos
946 1392 987 1458 ad
1009 1395 1114 1458 omni·
1166 1393 1296 1459 debitur
1318 1396 1486 1478 optimum.
1516 1397 1602 1462 Illud
1626 1419 1704 1463 vero
1726 1420 1793 1463 non
1814 1401 1883 1465 sine
1895 1402 2037 1483 periculo
2059 1414 2130 1469 ten·

146 1481 276 1546 modam
304 1481 562 1547 conciliationem
591 1481 744 1546 efficiant.
771 1518 812 1527 -
836 1519 873 1527 -
895 1516 938 1526 -
958 1519 999 1528 -
1025 1480 1114 1545 Basi-
1165 1488 1213 1543 tat
1227 1480 1275 1552 D.
1298 1502 1319 1545 a
1342 1481 1451 1559 Lusco,
1474 1481 1558 1564 quod
1581 1491 1724 1548 nostram
1748 1486 1941 1551 sententiam
1963 1488 2034 1553 vult
2053 1509 2129 1558 con·

146 1567 216 1632 leae
239 1571 288 1630 25.
309 1568 450 1650 Augusti
472 1569 571 1632 Anno
598 1571 687 1630 1556.
1164 1564 1275 1629 ciliane
1296 1587 1371 1630 cum
1393 1567 1595 1633 confessione
1614 1571 1814 1652 Augustana.
1855 1570 1930 1637 Scio
1948 1572 2075 1656 quando
2098 1584 2131 1639 et

1165 1649 1325 1732 quomodo
1343 1649 1430 1716 edita
1447 1653 1490 1716 sit
1511 1662 1544 1718 et
1553 1653 1701 1719 exhibita
1711 1654 1854 1733 Caesari,
1872 1657 1988 1739 quibus
2011 1662 2131 1743 scripta

1165 1737 1340 1801 autoribus.
1370 1737 1476 1803 Nimis
1493 1759 1601 1803 crassa
1623 1750 1674 1804 est
1696 1740 1862 1824 Apologia.
1891 1743 2020 1809 Reddet
2041 1768 2076 1810 se
2097 1754 2131 1810 et

1164 1819 1344 1885 doctrinam
1362 1833 1649 1906 suamsuspeatam
1671 1826 1699 1889 si
1717 1826 1763 1889 ita
1785 1829 1972 1907 perrexerit.
2005 1829 2130 1896 Omnes

1164 1906 1350 1971 clamabunt
1370 1907 1676 1991 imprudentissime,
1694 1910 1759 1974 imo
1771 1911 2078 1994 impudentissimei
2114 1952 2128 1966 ·

1165 1999 1243 2056 tum.
1288 1992 1426 2058 Utinam
1448 2014 1526 2078 ergo
1544 2016 1612 2059 rem
1635 1996 1768 2079 propius
1791 1997 1941 2079 pensitet.

1249 2077 1632 2144 InLivoniamaximum
1655 2090 1705 2145 est
1726 2092 1876 2146 exortum
1899 2082 2027 2148 bellum.
2058 2086 2126 2150 Ex-

705 2226 710 2235 ·
1164 2163 1267 2227 oritur
1289 2163 1353 2227 iam
1377 2165 1641 2230 cruentissimum
1653 2166 1738 2230 inter
1753 2165 1926 2231 Gaesarem
1948 2180 1981 2233 et
1992 2164 2126 2254 Papam.

581 2245 681 2315 2526.
1164 2247 1390 2398 Conscqppitur
1411 2251 1445 2314 in
1468 2250 1647 2316 Germania
1664 2250 1765 2316 miles.
1799 2251 1978 2334 Speremus
2000 2254 2041 2319 D.
2067 2254 2126 2320 Pe·

1163 2338 1246 2398 aaa
1313 2339 1363 2399 art
1399 2340 1468 2399 em‘
1513 2356 1567 2400 ma
1614 2336 1807 2402 oecelesiae
1824 2338 1907 2403 bono
1928 2337 1969 2403 ad
1991 2361 2049 2405 nos
2071 2361 2127 2405 ve-

341 2398 674 2466 BULHNGERUS
697 2398 914 2465 CALVINO·
1163 2419 1260 2484 nisse.
1311 2357 1454 2486 Oraiiuus
1469 2342 1660 2487 >Domiilum
1689 2432 1726 2487 ut
1758 2442 1828 2487 rem
1860 2423 1942 2488 bene
1974 2425 2125 2491 fortunat.

1162 2504 1325 2570 Dominus
1343 2504 1435 2571 Iesus
1463 2505 1633 2572 benedicat
1650 2507 1710 2574 tibi
1731 2516 1764 2572 et
1785 2508 1850 2573 tuis
1872 2508 2031 2575 omnibus.
2065 2510 2126 2577 Sa-

232 2570 265 2636 P
262 2573 351 2638 “W
377 2571 414 2635 ‘lt
441 2569 589 2654 ²³9le
613 2569 782 2636 GWWW'
804 2570 992 2669 praenimis
1013 2590 1052 2636 0⁵⁶
1069 2572 1112 2636 5¹7⁸
1161 2588 1270 2654 lutant
1293 2599 1324 2654 te
1356 2591 1483 2657 fratres.
1525 2591 1641 2658 Saluta
1659 2593 1752 2659 nobis
1770 2592 1887 2658 tratres
1909 2604 1942 2658 et
1963 2616 2070 2679 symm
2095 2618 2126 2661 s·

142 2678 221 2738 9⁰⁰⁶
249 2677 353 2723 rm
378 2655 477 2721 “astla
504 2661 576 2720 Auni
603 2675 642 2719 0⁹⁶
671 2656 842 2722 Gemma
870 2656 968 2721 ‘lm
989 2656 1111 2722 dem·
1162 2682 1222 2740 tas.
1262 2673 1345 2740 Vale
1368 2687 1545 2743 aeternum.
1582 2679 1695 2763 Tiguri
1714 2683 1764 2743 28.
1787 2679 1930 2763 Augusti
1952 2701 2036 2746 anno
2092 2702 2126 2746 o·

142 2748 222 2809 seat
251 2743 290 2808 de
322 2742 469 2824 colloquio
499 2760 569 2805 cam
601 2741 792 2807 Latberoaia
823 2742 1009 2807 instituendo
1030 2741 1111 2807 nibil
1163 2761 1243 2825 mini
1275 2765 1364 2827 1556·

143 2829 263 2893 comino
284 2828 474 2909 mandam
490 2847 562 2892 ecce.

680 1794 691 1812 .
750 1704 841 1767 'laus
864 1702 1027 1767 Sulcerus.

1721 2899 1932 2985 Bullingerus
1956 2912 2039 2967 tuus.

143 2999 196 3066 (Ex
214 2997 382 3068 autographo
396 2997 504 3051 Archiv.
523 2996 610 3051 Turio.
621 2997 692 3050 Plut.
711 2996 754 3050 Vl.
765 2997 829 3051 Vol.
848 2994 920 3063 117⁵,
939 2997 1003 3050 olim
1021 2996 1108 3051 Sorin.

257 3067 285 3120 C.
304 3066 374 3135 Epp.
393 3066 467 3120 Tem.
492 3065 525 3119 Il.
544 3065 589 3119 iol.
608 3063 666 3119 333.
688 3094 716 3104 -
736 3065 842 3119 Simler.
864 3066 921 3120 Vol.
939 3064 998 3132 88.)

228 3234 417 3302 Clarissimo
439 3237 509 3301 viro
530 3235 572 3300 D.
596 3237 711 3300 Ioanni
743 3236 883 3303 (lalvino
906 3236 1111 3303 Genevensis

143 3321 297 3389 ecclesiae
318 3320 383 3386 fido
404 3322 535 3405 pastori,
565 3321 696 3386 dominu
714 3323 941 3389 colendissimo
963 3337 997 3386 et
1018 3322 1111 3386 fratri

88 3449 92 3503 q
143 3408 311 3475 carmeimo
334 3427 401 3472 suo.
1504 3464 1506 3469 .
1597 3424 1692 3495 2527,

915 3492 1025 3560 Μ
1204 3575 1380 3643 clnvru
1399 3578 1492 3644 aux
1514 3575 1774 3644 emesenae
1797 3578 1861 3643 on
1884 3562 2082 3644 enuere.

105 3664 111 3720 l
228 3663 264 3731 S.
284 3665 326 3730 D.
349 3663 453 3730 Binas
471 3664 528 3729 abs
545 3675 603 3729 tua
614 3662 819 3728 humanitate
830 3663 942 3730 literas
956 3669 979 3738 ¹)
991 3665 1110 3747 accepi,

107 3723 369 3817 leolendissime
391 3751 436 3815 mi
456 3748 591 3816 Gelaine.
635 3749 689 3812 Ex
706 3747 940 3831 posterioribus
961 3749 1110 3848 intelligo
1248 3747 1412 3813 Nouoeliea
1437 3747 1609 3814 recueilliea
1629 3747 1823 3830 pendeatis
1856 3769 1968 3832 ooyape
1997 3750 2035 3814 de
2064 3749 2125 3815 Ge-

114 3816 256 3937 lquanti
286 3835 402 3901 feceris
429 3835 591 3918 faciasque
625 3833 683 3898 illa
712 3855 784 3898 mea
813 3834 927 3908 officia,
956 3833 1048 3900 vobis
1073 3857 1110 3899 ιιι
1160 3835 1232 3898 aive
1254 3832 1275 3896 ὰ
1297 3833 1396 3909 Beue.
1560 3857 1562 3860 ·

123 3923 240 3988 ‘causa
260 3920 318 3986 illu
340 3921 504 3986 communi
531 3919 694 4002 praestita.
737 3919 809 4003 Ego
832 3941 909 3986 vero
929 3941 983 3984 me
1005 3930 1109 3985 totum

125 3974 175 4092 lec
202 4007 261 4073 ιιιι
289 4014 324 4071 et
347 4007 412 4070 tuis
442 4005 559 4071 cetere
579 4006 654 4070 seo.
699 4004 795 4072 unce
827 4005 855 4070 ιι
877 4004 954 4088 quid
976 4006 1109 4088 posue
1161 4003 1248 4080 ‹oea
1271 4002 1437 4124 auwefppe
1461 4002 1543 4055 arou
1567 4003 1601 4055 a
1628 4001 1744 4057 conoe·
1766 4001 1839 4056 12⁵0·
1875 4003 1984 4070 corio:
2003 4002 2071 4058 ubi
2090 4005 2123 4058 ce

1160 4072 1268 4126 (leneus
1285 4071 1333 4124 MS
1440 4071 1484 4123 iol.
1504 4068 1546 4123 77.
1576 4071 1662 4124 Barna
1687 4072 1757 4141 Ilpp.
1776 4072 1822 4126 Vl.
1840 4069 1899 4126 655.
1929 4071 2025 4123 Simler
2044 4081 2064 4123 t.
2080 4069 2125 4127 88.

133 4092 297 4373 questri
319 4091 576 4190 gratiamlacere
597 4100 719 4172 potero,
741 4098 917 4156 metatum
940 4091 1031 4157 vobis
1049 4094 1109 4155 im·
1160 4170 1193 4180 -
1210 4140 1323 4200 Bm,
1341 4139 1404 4192 Vll.
1423 4136 1481 4192 333·
1518 4113 1761 4193 Bonnetll.104.
1797 4138 2123 4207 Trad.angl.111.292.)

183 4178 291 4243 udam.
333 4177 453 4260 Legae
474 4196 536 4259 rpsr
559 4185 686 4241 caetera
707 4176 896 4243 referent.²t
929 4176 1014 4241 Nam
1036 4177 1108 4242 bre·
1624 4179 1632 4205 ’

159 4266 227 4345 stas
253 4262 407 4344 temporis
431 4271 463 4325 et
480 4262 612 4345 negotia
641 4261 757 4344 quibus
786 4260 958 4341 distrahor,
977 4262 1107 4328 brevem

200 4346 371 4415 scribendo
390 4367 460 4411 esse
477 4345 598 4411 iubent.

163 4499 168 4504 ,s
228 4434 302 4498 Non
328 4433 438 4515 inique
467 4432 544 4510 fero,
567 4433 594 4497 si
616 4453 636 4497 a
657 4453 710 4497 me
731 4432 766 4496 in
788 4453 885 4499 causa
906 4432 962 4496 illa
984 4430 1108 4497 dissen-

209 4569 215 4584 .
257 4519 330 4602 Ego
351 4536 437 4595 vero,
455 4518 501 4581 mi
515 4517 649 4596 calciae,
672 4517 768 4583 hodie
790 4519 898 4582 minus
916 4519 983 4600 spei
1005 4517 1108 4584 habeo

189 4626 241 4670 am
264 4604 436 4669 habuerim
459 4603 537 4667 heri.
573 4601 649 4668 Scio
672 4602 820 4667 homines
842 4602 914 4667 illos
935 4601 1017 4666 nihil
1039 4624 1109 4667 mu·

252 4712 277 4762 s·
307 4692 340 4753 in
373 4688 537 4753 sententia
571 4688 628 4753 illa
658 4708 717 4753 sua
742 4687 873 4752 malj·
918 4688 1108 4770 &perieris
1159 4659 1273 4717 trouve
1306 4651 1358 4734 icy
1391 4669 1558 4735 massager
1589 4669 1673 4730 seur,
1706 4655 1736 4713 ie
1768 4671 1834 4734 nay
1862 4650 1960 4717 vouln
1982 4649 2122 4715 faillira

213 4824 221 4839 .
266 4773 424 4841 Scribant
450 4775 502 4840 his
529 4773 642 4840 dicbus
664 4772 705 4838 ad
732 4795 784 4839 me
806 4794 847 4838 ex
870 4772 945 4837 aula
964 4773 1107 4839 Palatini
1158 4736 1336 4820 m⁰⁰q¹¹it⁰r
1367 4734 1407 4800 de
1436 4756 1512 4800 ”¹⁰¹¹
1545 4734 1665 4800 dmi*
1704 4736 1796 4801 ΝΟΜ
1828 4755 1969 4801 ⁸⁰mffl0⁸
2001 4756 2061 4819 l)ar
2089 4735 2121 4801 1⁸

1148 4314 1191 4376 A
1222 4310 1436 4393 magnifiques
1464 4318 1497 4373 et
1530 4311 1737 4377 treshenorea
1764 4310 1932 4392 seigneurs
1964 4309 2124 4395 Messeig·

1231 4416 1329 4461 neurs
1350 4394 1399 4460 las
1419 4393 1598 4479 syndiques
1625 4404 1658 4461 et
1679 4394 1811 4462 Oonseil
1833 4393 1873 4460 de
1895 4392 2051 4460 Genefve.

1243 4566 1461 4650 Magnifiques
1500 4573 1533 4630 et
1572 4563 1776 4630 treshonorea
1813 4565 1992 4648 seigneurs,
2033 4565 2123 4632 aiam

1258 5007 1290 5142 li
1307 5006 1353 5142 di.
1363 5004 1501 5129 speum
