4754 5880
277 345 316 406 79
1022 337 1284 406 ΕΡΙΒΤΟΙιΑΕ
1306 342 1516 404 2414-2416
2221 340 2262 399 80

277 548 348 594 sam
382 528 439 595 tibi
467 528 557 593 illam
579 528 790 606 communico,
819 546 886 590 non
914 526 1020 591 solum
1049 536 1086 591 ut
1107 525 1192 609 apud
1210 534 1243 591 te
1295 526 1442 592 duxisset
1459 524 1661 608 verbumque
1672 526 1736 590 Dei
1754 524 1940 607 praedicare
1962 523 2129 606 coepisset,
2153 522 2193 588 ab
2206 522 2263 588 lli·

277 615 326 679 rei
350 615 469 679 veritas
480 624 614 690 constet,
635 634 749 677 verum
771 619 809 676 ut
819 612 1026 677 innoxiorum
1039 612 1139 676 etiam
1157 612 1243 694 apud
1295 612 1507 678 nesemeusi*
1529 625 1644 676 senatu
1661 613 1696 675 iu
1710 611 1838 676 vincula
1860 610 2095 676 coniectusest.
2128 613 2263 674 Acmox

277 699 452 765 familiares
471 700 578 764 verbis
601 698 792 780 scriptisque
814 699 872 763 tibi
890 717 1000 762 sumas
1016 698 1241 780 patrocinium.
1294 698 1409 782 longas
1441 699 1647 779 minacesque
1682 697 1794 761 literas
1834 695 2094 777 &amaricasti
2133 695 2265 778 scripsit

277 784 364 850 Audi
394 786 494 869 igitur
525 785 564 849 D.
585 783 751 849 Caioioam
767 784 873 866 ipsum
897 782 937 848 de
959 781 1116 847 seditione
1138 794 1171 847 et
1191 791 1242 847 tu·
1295 785 1411 866 quibus
1446 784 1591 867 graviter
1622 781 1811 864 increpabat
1832 780 1917 863 quod
1940 791 1973 846 et
2002 778 2204 845 sacerdotem
2225 781 2264 844 il·

277 871 382 935 multu
415 891 519 951 nuper
551 870 707 934 Genavae
740 889 760 933 a
796 868 993 934 turbulentis
1025 877 1059 933 et
1091 869 1243 951 malignis
1295 869 1365 933 lum
1395 881 1429 934 et
1457 890 1509 932 me
1537 868 1659 932 iamdiu
1680 868 1908 932 Lutheranam
1938 865 2098 931 haeresim
2130 867 2264 949 impune

277 965 390 1021 exorto
423 955 462 1019 ad
495 955 530 1017 D.
555 955 736 1020 Henrioum
767 953 987 1037 Ballioperrrm
1015 963 1164 1019 nostrum
1197 954 1244 1020 sic
1294 956 1442 1037 profiteri
1465 975 1581 1036 passus
1603 968 1697 1027 esset,
1729 974 1787 1017 uec
1808 951 1905 1017 fidem
1927 952 2144 1034 praestitisset
2166 971 2264 1033 quam

277 1042 482 1106 scribentem.
1295 1041 1355 1106 sibi
1383 1040 1649 1121 Ferdiaaodoque
1682 1040 1751 1122 regi
1773 1038 1916 1111 dederat,
1951 1058 1985 1101 se
2008 1035 2159 1101 videlicet
2181 1036 2265 1102 nihil

365 1125 450 1207 Quia
472 1126 511 1192 de
534 1127 682 1208 proximo
705 1125 845 1189 tumultu
868 1130 917 1190 etc.
964 1123 1062 1205 (Vide
1086 1124 1128 1189 N.
1150 1128 1244 1188 2243
1295 1125 1514 1190 admissurum
1535 1127 1626 1189 cuius
1649 1146 1711 1188 non
1735 1124 1883 1188 idonea-m
1902 1124 2063 1187 rationem
2085 1121 2156 1186 Dec
2178 1123 2263 1206 regi·

280 1219 311 1276 et
337 1214 453 1292 2244.)
1295 1232 1358 1292 que
1379 1209 1514 1276 reddere
1536 1221 1653 1292 posset.
1677 1210 1764 1290 Quia
1786 1230 1864 1273 vero
1887 1208 2150 1272 animadvertant
2170 1207 2262 1272 illum

1295 1295 1402 1379 palam
1428 1297 1604 1361 Luteranis
1632 1296 1753 1373 favere,
1777 1316 1811 1359 se
1832 1294 1985 1375 deinceps
2007 1315 2072 1358 nou
2095 1301 2263 1376 exspecta·

1297 1393 1388 1447 turos
1410 1382 1645 1464 significarunt,
1669 1391 1705 1445 ut
1730 1379 1895 1462 quidpiam
1913 1381 1947 1443 in
1970 1379 2127 1462 religione
2144 1379 2263 1444 consti-

653 1496 849 1504 —--
1297 1477 1411 1542 tuerat,
1442 1467 1498 1534 sed
1526 1466 1698 1550 diligenter
1723 1474 1892 1534 curaturos
1921 1474 1959 1529 ut
1981 1466 2074 1529 iustis
2096 1464 2263 1546 suppliciis

1273 1635 1276 1637 Β
1295 1562 1521 1617 coercerentur
1549 1552 1577 1615 si
1605 1553 1659 1634 qui
1690 1552 1725 1615 in
1748 1551 1870 1616 ditione
1892 1551 2167 1634 Repensteinensi
2190 1550 2264 1615 reli·

1296 1639 1386 1721 giosa
1406 1637 1603 1703 Fordioandi
1624 1639 1710 1719 regis
1732 1635 1838 1702 edicta
1850 1637 2032 1701 violassent.
2066 1636 2129 1700 His
2152 1656 2263 1718 accep-

702 1735 798 1807 2415,
1296 1725 1340 1787 tis
1371 1723 1476 1788 literis
1515 1722 1790 1802 cheactciaersic
1822 1722 1923 1787 variis
1956 1742 2090 1787 suorum
2123 1721 2264 1786 consiliis

1296 1811 1480 1892 exagitatus
1508 1819 1565 1874 est.
1608 1808 1772 1889 Plerique,
1801 1809 1867 1873 fere
1896 1829 2019 1885 omnes,
2042 1815 2179 1888 excepta
2196 1827 2264 1871 ma-

483 1892 792 1959 MORELLANUS
823 1892 1040 1959 GALVINO.
1298 1897 1383 1979 trei)
1406 1894 1658 1977 religiosissima,
1683 1893 1764 1957 nihil
1788 1914 1855 1958 non
1873 1893 1922 1957 illi
1940 1891 1981 1958 ad
2003 1903 2163 1957 terrorem
2184 1892 2264 1956 obii·

939 2031 942 2039 .
1297 1979 1433 2058 ciebant,
1464 1979 1637 2044 suadentes
1665 1989 1702 2044 ut
1724 1980 1842 2060 quietis
1860 1980 1967 2062 potius
1989 1979 2170 2043 rationibus
2192 1988 2264 2042 uta-

364 2065 530 2147 Ecaapeiii
555 2064 653 2130 iibere
677 2064 872 2144 praedicatio
898 2065 932 2128 iot
960 2064 1075 2130 ditiore
1097 2064 1245 2148 RappcIt
1296 2075 1389 2130 retur
1416 2086 1514 2148 quam
1542 2065 1709 2148 religionis
1734 2066 1865 2129 nomine
1893 2065 1928 2128 in
1949 2064 2180 2147 gravissimum
2200 2061 2264 2129 dis·

278 2154 356 2218 stein
380 2175 398 2216 a
421 2151 555 2217 subditis
583 2152 667 2234 repis
694 2149 891 2216 Ferdircodi
916 2151 1072 2233 impedita,
1092 2151 1244 2215 oioriram
1297 2152 1421 2216 crimen
1444 2172 1514 2215 sese
1536 2151 1716 2216 coniiceret.
1747 2151 1855 2215 Abeo
1878 2165 2021 2232 tempore
2044 2149 2122 2231 quid
2141 2149 2264 2214 consilii

273 2238 432 2321 atrapis
448 2240 604 2319 praelecta
626 2255 659 2299 se
679 2236 838 2301 ministros
864 2238 943 2300 tueri
965 2257 1026 2301 roa
1042 2257 1134 2318 posse
1156 2238 1243 2319 affir-
1296 2237 1435 2319 cepisset
1456 2237 1617 2318 expiscari
1640 2257 1706 2300 uon
1729 2237 1828 2318 potui.
1872 2235 1938 2300 Sed
1960 2235 2131 2299 tamenab
2154 2235 2265 2300 amicis

278 2329 389 2388 marie.
429 2324 555 2404 Quaerit
577 2341 646 2404 erpa
668 2321 745 2403 qaid
765 2321 888 2386 consilii
909 2342 1017 2404 capere
1036 2321 1147 2388 rideat.
1296 2322 1484 2387 admonitus
1506 2344 1578 2386 sum
1603 2334 1639 2385 ut
1661 2321 1757 2386 saluti
1779 2343 1871 2386 meae
1888 2321 2101 2387 consulerem.
2124 2320 2265 2387 Insidias

1296 2409 1385 2473 enim
1417 2408 1453 2471 iu
1481 2428 1534 2471 me
1552 2428 1622 2472 esee
1654 2409 1848 2472 constitutas
1880 2419 1918 2471 ut
1950 2427 2077 2489 quoquo
2106 2404 2267 2470 modoad

431 2494 487 2560 (ΕΣ
505 2492 672 2561 aumffiapho
689 2492 754 2546 ⁰0&
772 2492 872 2546 cerev.
894 2492 950 2558 112,
969 2492 1013 2546 fol.
1032 2491 1087 2557 485
1296 2494 1545 2559 Einesemeuses
1573 2514 1712 2574 raperer.
1765 2491 1854 2573 Quin
1889 2493 1990 2557 etiam
2017 2492 2198 2574 praefectus
2231 2490 2265 2557 S.

472 2616 474 2627 ·
1296 2579 1422 2644 Mariae
1444 2579 1687 2644 internuncium
1711 2577 1790 2641 mihi
1808 2579 2005 2662 significavit
2026 2598 2062 2644 se
2084 2597 2150 2640 non
2172 2597 2267 2659 posse

366 2663 596 2728 Eruditissimo
620 2665 691 2727 viro
708 2663 749 2728 D.
762 2663 878 2728 Ioanni
888 2663 1026 2729 Calvino
1038 2663 1245 2730 Genevensis
1296 2675 1462 2747 praestare
1485 2685 1537 2728 me
1549 2676 1656 2729 tutum
1679 2686 1699 2729 a
1716 2662 1905 2746 periculosi
1926 2663 1993 2727 illic
2012 2683 2153 2746 agerem,
2173 2683 2266 2745 prae-

279 2748 432 2815 ecclesiae
455 2750 575 2831 pastori
602 2749 859 2833 vigilantissimo.
1295 2751 1389 2833 cipue
1426 2751 1454 2815 si
1483 2760 1594 2814 coetus
1622 2751 1771 2814 instituto
1800 2771 1873 2814 meo
1901 2749 2065 2815 celebrare
2086 2768 2264 2831 pergerem.

996 2834 1156 2900 Genevae.
1296 2836 1412 2918 Itaque
1443 2836 1654 2900 Altenvillam
1664 2837 1692 2917 ⁴)
1725 2836 1811 2916 petii,
1850 2833 2102 2899 Richevillcnsis
2131 2832 2265 2899 ditionis

1295 2943 1432 3006 pagum,
1469 2922 1523 2985 ubi
1553 2922 1720 2986 eeclesiam
1755 2920 1968 2985 Mariensium
2003 2940 2148 2984 meorum
2179 2941 2265 2984 anno

365 3003 399 3069 S.
431 3004 526 3085 Quod
552 3013 644 3069 tanto
672 3004 845 3069 intervallo
877 3004 984 3069 nullas
1017 3004 1058 3069 ad
1080 3013 1112 3070 te
1133 3007 1243 3072 literas
1296 3009 1460 3089 superiore
1475 3007 1733 3072 conciliaveram.
1760 3004 1835 3085 Quo
1853 3007 1887 3068 in
1903 3006 1971 3069 loeo
1990 3005 2116 3069 tamdiu
2133 3005 2265 3069 futurus

281 3088 429 3155 dedimus
470 3089 553 3154 duae
590 3091 794 3171 potissimum
834 3110 951 3155 causae
980 3090 1243 3157 intercesserunt.
1295 3114 1368 3157 sum
1397 3091 1571 3157 adiuvante
1595 3092 1669 3168 Deo,
1693 3089 1798 3173 quoad
1818 3090 2012 3155 intellexero
2034 3090 2111 3172 quid
2131 3098 2168 3154 tu
2190 3111 2265 3155 nos·

280 3174 364 3253 Una,
393 3175 479 3258 quod
508 3173 612 3240 indies
636 3176 676 3240 D.
706 3175 982 3255 Rapmcieiaensis
994 3175 1019 3260 ¹)
1048 3179 1243 3242 sententiam
1296 3179 1402 3260 trique
1433 3178 1685 3242 Lausanuenses
1713 3177 1794 3241 mihi
1828 3187 1956 3241 autores
1980 3175 2067 3241 sitis:
2101 3175 2164 3239 nisi
2187 3175 2265 3257 quid

281 3263 560 3344 exspectabamus,
584 3282 646 3343 qua
668 3261 763 3325 sicuti
783 3261 975 3342 promiserat
992 3261 1171 3345 legitimam
1192 3282 1243 3328 ec·
1296 3264 1428 3327 interim
1452 3261 1614 3339 acciderit,
1644 3263 1852 3343 quamobrem
1881 3263 1985 3325 solum
2010 3270 2136 3325 vertere
2157 3281 2264 3345 cogar.

280 3345 413 3411 alesiam
434 3346 562 3429 publice
585 3346 669 3428 apud
688 3345 721 3411 S.
743 3347 883 3411 Mariam
905 3348 1102 3412 constituere
1124 3349 1244 3415 liceret:
1296 3349 1455 3413 Maiorem
1477 3349 1580 3430 igitur
1602 3349 1636 3410 iu
1659 3347 1790 3412 modum
1809 3368 1830 3410 a
1851 3354 1884 3410 te
1907 3360 1980 3428 peto
2002 3357 2039 3410 ut
2061 3347 2166 3428 primo
2188 3368 2264 3428 quc-

279 3430 339 3494 tibi
362 3432 449 3495 enim
472 3432 687 3513 ecclesiaeque
705 3441 779 3496 tuae
803 3431 864 3497 hoe
885 3432 1091 3516 evangelium
1114 3433 1153 3498 de
1171 3456 1245 3516 pro·
1296 3455 1358 3516 que
1378 3434 1429 3498 die
1452 3434 1565 3497 adme
1588 3434 1710 3497 scribas
1732 3453 1775 3495 an
1796 3432 1872 3496 huic
1894 3433 1996 3496 monti
2014 3432 2185 3496 inhaerere
2209 3431 2264 3496 de-

278 3526 397 3600 pagato
408 3516 534 3582 Christi
552 3517 723 3600 evangelio
735 3518 958 3600 grahssimum
975 3519 1042 3583 lore
1064 3520 1244 3601 sperabam.
1296 3519 1398 3597 bearn,
1416 3521 1451 3583 in
1470 3539 1532 3602 quc
1551 3538 1659 3583 raram
1677 3530 1710 3582 et
1720 3538 1824 3600 paene
1842 3519 1968 3583 nullam
1986 3517 2154 3583 ecclesiam
2171 3516 2265 3583 habi·

279 3601 395 3667 Altera
422 3603 517 3684 quod,
545 3603 605 3667 etsi
633 3602 791 3667 nonnulla
817 3604 1029 3668 occurrebant
1056 3604 1096 3668 de
1126 3606 1244 3688 quibus
1295 3612 1388 3669 turus
1421 3604 1493 3682 sim,
1523 3624 1566 3668 sn
1595 3625 1672 3669 vero
1705 3602 1745 3667 ad
1779 3603 1898 3669 amicos
1931 3605 2185 3668 Lausannenses
2208 3611 2265 3667 aut

280 3696 313 3751 te
341 3688 512 3752 certiorem
537 3689 607 3753 fieri
636 3687 765 3766 vellem,
788 3696 898 3753 mmen
920 3709 985 3753 non
1007 3691 1088 3759 satis
1105 3710 1244 3773 aequum
1295 3690 1508 3755 Genevenses
1530 3711 1583 3754 me
1605 3690 1752 3769 referam,
1774 3688 1861 3771 apud
1881 3710 1960 3771 quos
1978 3689 2118 3771 aliquam
2130 3686 2266 3753 Domini

278 3774 434 3921 prpltabam
456 3781 490 3837 te
512 3781 620 3837 totae
649 3773 748 3838 mutis
770 3775 908 3857 negotiis
925 3783 1116 3857 occupatum
1138 3774 1178 3841 de
1195 3777 1244 3840 ni·
1295 3776 1496 3840 vocatiouem
1526 3784 1719 3858 exspectem.
1764 3776 1868 3840 'I'uam
1891 3775 1979 3839 enim
2002 3775 2264 3857 reliquorumque

306 3857 349 3921 ὀ
370 3858 588 3940 interpellare.
629 3856 696 3923 Sed
723 3859 788 3923 iam
810 3860 903 3924 triste
924 3860 1079 3926 nuncium
1102 3860 1141 3925 de
1164 3862 1245 3927 meis
1296 3861 1423 3942 piorum
1447 3869 1480 3925 et
1498 3860 1699 3925 eruditorum
1710 3861 1856 3925 virorum
1869 3862 2078 3926 autoritatem
2095 3880 2264 3941 nunquam

279 3944 378 4009 rebus
400 3945 522 4008 referre
542 3965 646 4027 cogor.
682 3943 765 4008 Nam
788 3966 889 4027 quum
906 3945 1055 4011 sacerdos
1077 3945 1243 4028 quidam2)
1295 3946 1466 4030 dethgiam.
1503 3947 1587 4011 Vale
1609 3967 1681 4010 cum
1712 3947 1846 4013 ecclesia
1870 3956 1927 4012 tua
1955 3946 2142 4028 plurimum.
2176 3947 2264 4011 Tuos

279 4028 313 4091 in
337 4049 415 4113 agre
445 4029 722 4111 Rependeioeocis
751 4030 919 4113 repudiato
940 4032 1086 4115 papismo
1107 4053 1243 4096 uxorem
1295 4041 1492 4116 symmystas
1514 4052 1585 4096 meo
1608 4033 1739 4097 nomine
1762 4052 1840 4115 rego
1858 4045 1894 4096 ut
1911 4052 2008 4114 quam
2030 4031 2264 4097 officiosissime

1294 4118 1424 4183 salutes.
1469 4119 1523 4183 Ex
1547 4118 1766 4202 Altenvilla⁵)
1790 4122 1838 4180 23.
1863 4119 1976 4182 Martii
2002 4123 2092 4181 1555.

279 4283 413 4351 24151)
433 4284 591 4352 Eamipha
601 4284 634 4337 de
645 4283 908 4407 Rawoiteuioffi
922 4288 1112 4353 reformationi
1126 4287 1243 4354 larebat,
1680 4253 1876 4318 Franciscus
1898 4252 2108 4318 ΜΟΥθῙῙθΠΠΒ·

871 4371 888 4407 a

280 4354 398 4407 marm
426 4358 648 4422 raoqaeerartam
661 4357 788 4420 temporis
798 4353 825 4407 s,
888 4355 981 4409 ,aad
991 4355 1243 4423 fodamfflam.
1526 4338 1566 4403 ad
1589 4360 1685 4403 omne
1702 4339 1799 4404 officii
1821 4359 1924 4422 genus
1947 4339 2005 4402 tibi
2028 4337 2261 4421 paratissimus.

279 4421 379 4488 tirel).
443 4422 496 4477 ade
512 4437 593 4490 quam
613 4422 655 4475 La
675 4430 750 4477 aetas
764 4423 975 4491 Arqeoteratam
993 4425 1165 4479 commosset
1183 4425 1244 4477 Mc·
1296 4460 1500 4475 --...

279 4490 400 4545 reiiaaae
417 4492 443 4542 ei
459 4491 586 4544 maressii
599 4490 623 4556 (l
678 4492 876 4561 >quietantia
892 4493 995 4546 methis
1012 4491 1169 4546 indisertis
1186 4495 1244 4547 aas
1757 4546 1762 4555 ,
1906 4544 1936 4555 ..

279 4560 398 4627 raaia
414 4559 481 4614 aas
498 4558 717 4625 massata,
740 4561 796 4615 aar.
813 4561 844 4613 a
863 4559 891 4612 a.
909 4560 1012 4627 ease,
1033 4560 1149 4632 aare,
1172 4569 1197 4616 a
1214 4564 1244 4615 a
1397 4544 1427 4611 3)
1446 4544 1537 4626 prate
1567 4543 1707 4630 aymaro,
1733 4542 1819 4597 viam
1835 4541 1936 4624 ‘aare
1961 4541 2009 4622 a·
2022 4541 2066 4607 a,
2092 4547 2152 4623 aa?
2178 4544 2265 4623 am

279 4629 375 4694 empse
410 4627 465 4680 aee
481 4627 621 4681 saroam
632 4627 829 4682 araturae
843 4643 929 4696 prope
946 4627 1114 4683 ausam.
1141 4629 1243 4693 (Rosa
1295 4613 1488 4695 masmae
1506 4612 1539 4666 a
1557 4611 1750 4680 aurasicae,
1773 4613 1869 4666 marm
1886 4611 2265 4680 cameracorensem-

279 4696 347 4762 raa,
401 4694 598 4750 saaraim.
635 4695 735 4763 aaa,
761 4698 848 4751 naias
874 4711 922 4750 sur
947 4696 1047 4765 zaetas
1069 4693 1119 4763 rar.
1143 4698 1177 4753 a
1197 4699 1236 4753 so
1294 4683 1453 4738 sermea
1859 4749 1894 4760 ..
2054 4748 2072 4759 ..
2136 4752 2140 4761 .

281 4763 376 4818 Mam
392 4780 449 4817 m
469 4764 560 4817 pfim
575 4780 602 4832 ρ,
620 4762 658 4831 a.)
1397 4749 1427 4815 4)
1445 4750 1577 4820 Altwphr,
1596 4750 1716 4813 acan,
1735 4748 1773 4802 ad
1790 4749 1939 4830 ᾷοιιιιιιιιιιιι
1958 4746 2071 4816 Geerau
2093 4746 2266 4828 Warteorher·

382 4831 412 4896 a)
433 4832 539 4887 noma
560 4834 586 4886 a
601 4839 660 4887 aa
678 4833 778 4887 raeco
797 4831 918 4901 spatas
958 4831 1012 4901 aas
1028 4849 1053 4886 a.
1071 4833 1098 4888 a.
1118 4834 1172 4890 ra.
1185 4835 1242 4890 aar.
1292 4821 1384 4890 qaas
1398 4820 1564 4901 recinebat,
1589 4818 1700 4888 iirorue
1720 4819 1833 4897 iiim
1850 4817 1888 4897 εὖ·
1906 4835 1935 4870 m
1954 4816 2200 4898 ‘raas-retiariae
2218 4819 2268 4899 aas

281 4899 362 4954 reor.
382 4900 450 4954 1556
467 4918 526 4956 eum
541 4916 626 4955 aare
644 4901 813 4955 masna
828 4902 858 4954 a
874 4901 985 4955 assas
1001 4903 1135 4958 mrem
1150 4911 1245 4972 aaa
1291 4895 1401 4970 rotro?
1431 4905 1512 4958 nram
1544 4904 1573 4940 m
1599 4886 1899 4967 ‚Ramolctemorm
1931 4900 2014 4965 aas,
2043 4901 2073 4937 ιν·
2099 4888 2198 4955 quaa
2223 4887 2266 4967 3²1·

279 4971 311 5023 in
328 4985 458 5024 carcerem
477 4969 657 5023 Alticireisiam
680 4969 809 5023 deductas
828 4977 893 5036 poet
913 4969 1109 5026 diuturniorem
1132 4975 1245 5040 raptici-
1294 4958 1426 5041 dulim<
1442 4958 1485 5010 ¹²⁰²
1501 4958 1635 5037 Adime
1656 4955 1874 5009 Mitfbacdmss
1891 4954 1932 5008 ”⁶¹
1954 4968 2139 5022 0P¹⁸⁶⁰P⁰M
2158 4954 2264 5009 ΒΜ·

279 5042 361 5092 aaa
387 5038 493 5092 aecem
526 5038 645 5092 zaetas·
673 5037 797 5091 retorsa
825 5037 887 5103 aa
932 5037 1064 5094 cameos
1095 5041 1189 5106 rueras
1213 5044 1245 5096 a
1294 5042 1397 5081 msam
1414 5026 1568 5091 feuaaara
1585 5031 1670 5104 root·
1948 5091 1965 5102 ,,

280 5107 463 5161 flamm
482 5106 566 5172 feudo
578 5105 783 5160 mmmm·
803 5106 970 5161 dominorum
988 5107 1020 5161 a,
1040 5107 1244 5178 &pponam
1395 5094 1425 5157 5)
1447 5095 1542 5148 Mense
1562 5093 1635 5147 Iulio
1654 5090 1719 5145 1557
1740 5090 1874 5146 Graecam
1892 5090 1982 5146 rediri.

279 5175 385 5307 pppmc'l'e
402 5173 648 5296 rpupallipoepaifas
663 5176 689 5227 ei
706 5189 733 5227 se
748 5180 893 5242 patronam
911 5183 936 5230 et
949 5176 1080 5231 uindicem
1098 5180 1244 5234 mairie.

374 5245 415 5298 rie
461 5285 466 5295 .
498 5283 503 5294 -
572 5248 590 5304 ·)

1668 5297 1871 5310 ⁸—-
