4754 5880
285 315 347 379 163
1038 305 1300 374 EPISlPOIrAE
1320 306 1533 370 asae-2464
2178 328 2181 334 ·
2227 306 2284 368 164

285 518 464 584 agnoscere
491 499 527 562 in
556 498 618 562 hao
645 507 739 580 parte
762 498 992 580 Augustanam
1014 495 1259 571 confessionem,
1312 492 1441 557 dicebat
1462 512 1497 557 se
1519 513 1594 558 oum
1615 493 1683 559 suis
1704 493 1836 577 cohegis
1858 494 1948 558 iussu
1966 494 2130 576 Principis
2152 503 2283 560 vocatos

286 584 456 667 respondit
481 605 516 649 se
545 604 611 648 non
641 602 790 667 pugnare
818 603 891 647 cum
913 580 1024 646 ve'rbis
1046 581 1260 664 Augustanae
1312 578 1504 643 convenisse
1526 586 1565 642 ut
1585 598 1713 644 mecum
1735 579 2011 662 colloquerentur:
2035 579 2186 662 colloquii
2207 602 2283 647 vero

286 669 509 746 confessionis,
531 676 564 734 et
584 668 681 751 plane
708 666 795 732 idem
818 666 939 752 sentirp
961 665 1047 749 quod
1068 666 1171 731 verba
1190 666 1260 731 eius
1311 671 1543 747 argumentum
1565 685 1636 730 esse
1658 662 1776 729 debere
1794 663 1835 728 de
1852 685 1953 731 coena
1963 665 2098 730 Domini
2116 674 2150 730 et
2162 665 2283 732 Christi

286 755 498 821 confessionis
515 754 555 819 de
575 774 676 819 coena
693 752 856 818 dominica
877 759 1004 819 sonant.
1038 749 1106 816 Sed
1124 771 1259 833 respon·
1310 750 1346 813 in
1378 749 1437 814 illa
1469 752 1663 831 praesentia.
1708 749 1907 832 Quanquam
1940 759 2050 814 autom
2073 772 2181 834 neque
2213 753 2280 835 ipse

286 862 359 906 sum
382 850 432 906 est
456 840 488 904 ei
515 838 601 921 quod
629 845 785 923 agnoscat
812 837 944 920 quidem
965 835 1066 902 verba
1095 847 1129 902 et
1156 837 1259 902 inter·
1310 854 1418 918 neque
1439 835 1491 899 sui
1514 835 1657 919 collegae
1679 835 1856 918 quidquam
1876 837 2010 900 omnino
2032 835 2224 902 dubitarent
2245 837 2281 903 de

286 934 434 1009 pretatur
455 923 633 990 secundum
657 944 749 989 suam
771 924 965 1005 opinionem,
988 943 1056 987 non
1077 931 1187 986 autem
1208 943 1259 987 se·
1310 920 1433 985 tradita
1454 941 1513 1003 per
1530 920 1617 1001 ipsos
1629 920 1870 1004 doctrinaquae
1888 921 2010 1004 alioqui
2031 921 2163 988 inconfe
2175 924 2279 988 ssione

287 1010 429 1076 cundum
448 1030 562 1077 veram
589 1010 787 1075 sententiam
813 1029 911 1092 quam
939 1009 1075 1091 exponit
1095 1006 1259 1091 Apologia
1310 1006 1409 1071 etiam
1432 1008 1630 1089 Augustana
1650 1007 1883 1085 contineretur,
1913 1016 2033 1085 tamen,
2057 1016 2097 1072 ιιι
2117 1009 2281 1092 Principis

287 1103 321 1161 et
348 1117 447 1179 quam
476 1095 583 1160 adhuc
609 1096 757 1161 retinent
786 1095 940 1160 ecelesiae
962 1115 1045 1177 quae
1077 1101 1155 1159 sunt
1182 1093 1259 1159 huic
1310 1091 1463 1157 mandato
1485 1092 1720 1168 satisfacerent,
1743 1101 1929 1175 separatos
1950 1114 2168 1159 essemeoum
2186 1095 2280 1159 collo-

286 1181 481 1247 oonfessioni
502 1181 703 1247 coniunctae.
747 1180 859 1261 Quare
880 1201 947 1244 non
968 1179 1072 1262 possit
1092 1199 1172 1243 vere
1193 1179 1258 1244 iao·
1310 1177 1365 1259 qui
1388 1186 1421 1242 et
1442 1198 1515 1241 eam
1537 1178 1643 1261 ipsam
1675 1198 1767 1243 suam
1791 1177 1972 1244 doctrinam
1998 1179 2069 1244 mih
2090 1179 2278 1263 approbare.

286 1267 350 1330 tari
377 1265 462 1348 quod
495 1267 616 1332 sentiat
644 1268 679 1331 in
708 1266 770 1331 hoc
798 1265 935 1331 articulo
964 1286 1039 1331 cum
1062 1266 1258 1348 Argustana
1309 1263 1385 1327 Non
1406 1271 1522 1344 putare
1552 1271 1662 1328 autem
1692 1284 1727 1328 se
1750 1263 1927 1347 quidquam
1950 1264 1985 1329 in
2008 1264 2069 1331 hoc
2091 1276 2281 1350 argumento

286 1351 494 1417 confessione.
1310 1349 1550 1414 controversiae
1572 1349 1660 1413 inter
1677 1370 1737 1414 nos
1754 1370 1834 1429 esse,
1851 1350 1914 1413 nisi
1935 1348 1975 1414 de
1992 1352 2139 1434 corporis
2158 1350 2281 1417 Ohristi

1308 1434 1344 1497 in
1376 1435 1447 1515 ipso
1481 1454 1564 1516 pane
1591 1444 1650 1499 aut
1681 1436 1741 1501 sub
1769 1436 1840 1518 ipso
1868 1455 1953 1519 pane
1986 1456 2106 1501 coenae
2136 1436 2218 1502 reali
2246 1458 2280 1502 ac

285 1555 493 1639 Responsum
511 1557 645 1622 nomine
658 1556 880 1622 masmim
892 1557 1057 1640 principis
1068 1557 1110 1621 Ι).
1123 1577 1145 1622 a
1156 1555 1257 1622 Lusco
1308 1517 1517 1585 substantiali
1546 1522 1741 1602 praesentia.
1785 1521 1883 1587 Hanc
1912 1522 2023 1603 itaque
2053 1521 2116 1588 sibi
2142 1523 2280 1606 proban·

572 1643 686 1707 datum
709 1646 759 1707 2⁵·
778 1643 860 1709 Maii
885 1648 976 1706 15⁵⁶·
1309 1604 1385 1670 dam
1395 1626 1539 1755 Alledius
1567 1691 1670 1776 igitur
1690 1693 1916 1774 probationem
1939 1691 2002 1757 duo
2025 1693 2094 1759 loca
2116 1694 2159 1759 D.
2183 1694 2280 1759 Brea·

371 1777 424 1841 Ad
456 1777 717 1843 Illustrissimam
750 1799 842 1842 suam
876 1776 1114 1843 Celsitudinem
1153 1778 1258 1842 relata
1308 1777 1372 1840 tius
1394 1775 1587 1857 proferebat.
1622 1777 1773 1841 Primum
1795 1777 1866 1847 Ich.
1894 1785 1925 1844 l:
1949 1778 2096 1843 Verbum
2119 1801 2195 1845 caro
2216 1782 2279 1847 fae

284 1882 355 1927 esse
377 1863 487 1927 omnia
509 1884 548 1928 ea
568 1883 651 1947 quae
679 1865 715 1927 in
736 1867 887 1946 proximo
910 1862 1069 1946 colloquio
1100 1865 1186 1928 inter
1207 1863 1258 1945 ip·
1307 1869 1378 1926 tum
1401 1873 1460 1926 est.
1502 1862 1631 1927 Deinde
1653 1863 1828 1927 articulum
1855 1884 1897 1928 ex
1919 1861 2095 1948 Symbolo:
2125 1867 2280 1932 Ascendit

284 1968 357 2013 sum
380 1967 402 2011 c
424 1947 524 2014 Lusco
546 1959 580 2013 et
601 1949 643 2013 D.
663 1949 832 2014 Brentium
853 1948 971 2014 collata
993 1956 1079 2015 sunt.
1118 1949 1164 2013 Et
1180 1949 1257 2031 quia
1307 1947 1342 2010 in
1364 1947 1506 2024 eoelum,
1535 1945 1627 2012 sedet
1654 1947 1695 2012 ad
1722 1948 1873 2013 dextram
1901 1951 2013 2032 patris.
2058 1951 2278 2017 Ratiocinatio

283 2032 335 2097 Ill.
357 2033 516 2115 Princeps
545 2056 587 2100 ex
608 2033 766 2099 relatione
792 2034 957 2100 intellexit
982 2035 1091 2117 ipsum
1113 2055 1134 2099 a
1156 2034 1258 2099 Lusco
1307 2039 1418 2096 autem
1438 2034 1542 2114 ipsius
1563 2055 1606 2097 ex
1623 2034 1732 2115 priore
1749 2034 1811 2099 hoc
1830 2035 1922 2099 loan.
1946 2035 2016 2100 loco
2038 2037 2173 2103 collecta
2196 2040 2279 2103 eius·

283 2118 318 2181 in
341 2118 479 2184 articulo
500 2119 540 2185 de
561 2139 662 2185 coena
680 2120 814 2184 Domini
835 2140 855 2184 a
876 2119 1025 2185 doctrina
1042 2122 1257 2203 Augustanos
1306 2117 1396 2182 modi
1429 2127 1515 2183 erat:
1555 2119 1743 2184 Personalis
1774 2121 1853 2186 unio
1887 2121 2019 2186 divinae
2051 2131 2084 2187 et
2116 2122 2279 2188 humanae

284 2204 494 2270 confessionis
523 2205 657 2270 omnino
689 2204 871 2284 dissentire,
906 2212 1003 2288 atque
1035 2206 1070 2269 in
1104 2206 1165 2271 hac
1197 2226 1258 2270 sua
1307 2214 1444 2268 naturae
1464 2205 1499 2268 in
1518 2203 1649 2270 Obristo
1671 2205 1829 2270 eiusmodi
1851 2215 1902 2271 est
1922 2207 2017 2271 iuxta
2039 2208 2101 2273 hoc
2121 2208 2279 2274 Iohannis

282 2309 439 2372 perversa
459 2290 613 2373 opinione
635 2311 859 2373 perseverare,
888 2291 1014 2355 nnllam
1035 2311 1129 2373 posse
1151 2290 1256 2356 Celsi·
1306 2289 1540 2365 testimonium,
1569 2299 1606 2354 ut
1627 2300 1747 2355 neutra
1776 2311 1889 2356 earum
1910 2301 2107 2357 naturarum
2127 2295 2196 2358 ullo
2219 2315 2280 2358 am·

283 2373 431 2440 tudinem
454 2395 547 2440 suam
568 2375 620 2440 Ill.
642 2396 824 2460 proponere
853 2377 1013 2441 rationem
1036 2397 1100 2460 qua
1128 2377 1164 2440 in
1186 2384 1255 2441 tam
1307 2375 1393 2458 plius
1414 2382 1471 2439 aut
1496 2374 1642 2440 locorum
1669 2385 1727 2441 aut
1755 2386 1939 2460 temporum
1966 2379 2141 2444 intervallo
2168 2378 2279 2445 divelli

283 2458 488 2525 diversorum
505 2461 693 2545 dogmatum
711 2463 872 2528 varietate
889 2463 992 2545 possit
1013 2463 1156 2527 inveniri
1178 2482 1254 2527 eon·
1308 2460 1348 2526 ab
1366 2460 1509 2526 invicem
1526 2483 1654 2544 quoquo
1671 2482 1807 2544 prorsus
1825 2463 1920 2527 modo
1938 2465 2057 2546 possit:
2075 2485 2153 2548 ergo
2172 2487 2279 2548 quem·

283 2544 409 2612 cordia:
434 2546 518 2610 nihil
539 2567 620 2611 vero
640 2547 748 2632 magis
768 2556 881 2630 optare
903 2547 1141 2613 celsitudinem
1162 2568 1255 2612 suam
1308 2544 1483 2610 admodum
1496 2546 1651 2613 divinitas
1662 2548 1703 2611 ab
1714 2546 1918 2613 humanitate
1936 2550 1971 2612 in
1984 2549 2116 2616 Christo
2133 2552 2279 2634 separari

283 2650 380 2713 quam
403 2630 488 2713 quod
504 2632 694 2699 Dahaaco
715 2652 790 2697 cum
812 2633 881 2699 suis
903 2634 1085 2717 peregrinis
1102 2632 1144 2698 ad
1167 2653 1254 2698 com·
1308 2652 1414 2714 neque
1436 2632 1514 2697 loois
1542 2653 1648 2715 neque
1677 2634 1878 2715 temporibus
1906 2634 1983 2700 ullis
2010 2645 2118 2718 potest
2144 2647 2279 2721 propter

282 2716 474 2782 munionem
494 2725 563 2782 tam
585 2717 775 2802 dogmatum
793 2739 891 2802 quam
911 2720 1036 2783 rituum
1057 2720 1093 2783 in
1110 2718 1255 2785 ecclesiis
1307 2717 1510 2800 personalem
1529 2719 1693 2798 unionem,
1712 2720 1876 2803 itaneque
1888 2719 2078 2786 humanitas
2094 2723 2278 2805 acproinde

228 2835 230 2840 .
282 2802 497 2885 Augustanae
518 2804 728 2870 confessionis
754 2805 913 2871 hactenus
933 2805 1179 2871 observatorum
1202 2824 1255 2869 ae-
1308 2823 1412 2886 neque
1429 2824 1547 2886 corpus
1564 2824 1692 2887 quoque
1712 2805 1816 2888 ipsius
1832 2825 1852 2869 a
1868 2804 2042 2872 divinitate
2060 2807 2160 2872 etiam
2172 2808 2282 2874 divelli

282 2885 408 2952 oedant.
452 2887 613 2973 Hanoque
634 2882 764 2955 unica'm
793 2900 826 2955 et
855 2890 949 2973 quasi
976 2889 1254 2974 compendiariam
1307 2888 1375 2953 ullo
1397 2888 1540 2971 amplius
1561 2889 1658 2955 modo
1680 2899 1794 2972 potest.
1830 2890 1975 2956 Perinde
1996 2893 2085 2957 enim
2104 2894 2280 2959 violaretur

282 2972 372 3036 viam
401 2992 472 3039 esse
498 2982 532 3039 et
560 2973 602 3039 ad
630 2975 841 3041 ecelesiarum
871 2976 1130 3041 conciliationem
1157 2983 1192 3042 et
1213 2974 1255 3040 ad
1310 2974 1491 3057 personalis
1522 2975 1580 3039 illa
1609 2976 1778 3059 utriusque
1808 2977 1844 3041 in
1865 2976 1999 3042 Christo
2028 2986 2167 3044 naturae
2196 2981 2281 3059 unio,

282 3059 537 3142 comparandum
560 3060 623 3126 sibi
643 3061 776 3144 suisque
796 3061 981 3146 peregrinis
1003 3062 1150 3144 hospitia.
1308 3059 1378 3125 sive
1406 3057 1613 3126 divinitatem
1641 3060 1682 3127 ab
1710 3061 1917 3127 humanitate
1945 3062 2016 3128 sive
2044 3064 2281 3131 humanitatem

1308 3164 1327 3209 a
1346 3144 1519 3210 divinitate
1531 3146 1768 3230 quoquomodo
1786 3168 1976 3231 separemus
1998 3159 2057 3213 aut
2078 3149 2280 3216 divellamus.

1307 3230 1416 3314 Igitur
1447 3231 1633 3316 ubicunque
1665 3242 1715 3298 est
1747 3232 1904 3299 divinitas
1937 3232 2071 3314 Christi,
2105 3234 2152 3299 ibi
2183 3237 2282 3302 etiam

1308 3316 1547 3381 humanitatem
1569 3319 1672 3400 ipsius
1695 3327 1728 3383 et
1753 3318 1892 3401 proinde
1919 3339 2046 3403 quoque
2072 3342 2192 3403 corpus
2215 3324 2282 3388 eius

1308 3403 1410 3466 statui
1437 3403 1609 3485 oportebit.
1645 3403 1864 3470 Divinitatem
1895 3425 1993 3486 porro
2024 3405 2083 3471 filii
2108 3407 2175 3472 Dei
2203 3428 2281 3486 esse,

667 3517 869 3530 ——-
1309 3507 1386 3570 ergo
1404 3499 1438 3552 et
1454 3508 1574 3570 corpus
1592 3488 1716 3554 Christi
1733 3510 1804 3555 esse
1822 3489 1955 3572 ubique,
1973 3511 2011 3558 ao
2028 3492 2166 3574 proinde
2183 3495 2282 3558 etiam

1307 3572 1343 3636 in
1365 3593 1451 3655 pane
1472 3593 1531 3638 seu
1551 3575 1612 3640 sub
1633 3595 1720 3659 pane
1742 3595 1870 3641 coenae.
1903 3576 2105 3660 Dicebatque
2123 3577 2166 3643 D.
2179 3578 2281 3645 Brea·

1307 3658 1382 3736 tiae,
1404 3658 1467 3724 hoo
1487 3659 1592 3743 ipsius
1620 3668 1852 3745 argumentum
1874 3683 1980 3745 neque
2005 3663 2150 3746 potuisse
2173 3665 2282 3731 hacte-

721 3758 821 3828 2454,
1309 3763 1383 3820 nus,
1416 3763 1522 3827 neque
1551 3766 1647 3828 posse
1677 3745 1778 3814 etiam
1807 3768 1827 3811 a
1854 3768 2016 3831 quoquam
2045 3749 2184 3815 refutari
2213 3752 2282 3816 sine

1309 3828 1483 3894 violatione
1512 3833 1693 3913 personalis
1714 3831 1853 3897 duarum
1875 3834 1910 3897 in
1934 3832 2067 3901 christo
2088 3843 2282 3901 naturarum

477 3911 600 3979 nora
621 3910 1061 3979 STUDPGARDIENSIA
1310 3914 1451 3979 unionis.
1496 3918 1682 3983 Articulum
1706 3926 1816 3983 autem
1839 3918 1880 3983 de
1901 3920 2092 3985 ascensione
2112 3931 2147 3985 et
2168 3920 2283 3988 dextra

601 4034 643 4079 01
665 4014 762 4080 Lagei
783 4013 949 4080 relatione,
1310 4000 1374 4064 Dei
1404 4000 1453 4065 ita
1484 4003 1623 4084 urgebat
1655 4003 1929 4087 quemadmodum
1958 4003 2038 4069 olim
2059 4005 2102 4071 D.
2125 4007 2282 4074 Lsstbem

1310 4105 1438 4168 quoque
1466 4087 1612 4153 faciebat.
1658 4089 1787 4154 Dextra
1807 4089 1872 4154 Dei
1900 4100 1952 4155 est
1976 4089 2107 4174 ubique,
2129 4092 2283 4159 Ohristus

375 4183 567 4268 Οοῐιοᾳιιιιιιιι
589 4185 646 4249 diu
672 4187 838 4266 apetium
866 4186 990 4251 tandem
1019 4186 1117 4251 boram
1142 4187 1259 4267 balad,
1311 4191 1445 4253 corpore
1467 4192 1527 4271 suo
1549 4174 1695 4239 ascendit
1715 4175 1749 4239 in
1772 4176 1898 4275 coelum
1921 4184 1955 4240 et
1976 4176 2123 4277 consedit
2141 4178 2282 4280 addex-

286 4272 468 4354 saepissime
490 4272 571 4336 ultro
592 4273 728 4353 citroque
748 4272 913 4351 dispansa
933 4273 1050 4337 remp
1070 4278 1107 4351 eg
1129 4277 1164 4338 ,q
1182 4294 1258 4355 per.
1310 4265 1397 4320 tram
1419 4255 1492 4336 Der,
1523 4279 1602 4343 ergo
1623 4280 1741 4359 corpus
1762 4260 1961 4360 Ohnststest
1982 4261 2111 4363 ubique.
2155 4265 2283 4367 Hocque

287 4359 472 4440 spicam&
487 4358 726 4438 praedixerant,
748 4376 814 4421 rem
835 4357 871 4421 p,
892 4377 926 4422 ρο
948 4361 1032 4422 ,tam
1052 4358 1179 4440 aalma
1199 4378 1259 4442 quo
1311 4342 1444 4406 demum
1466 4342 1598 4410 volebat
1618 4346 1771 4411 Breatcas
1790 4358 1829 4410 ut
1857 4346 1906 4410 1111
1928 4346 1968 4412 ad
1992 4348 2159 4431 praedicta
2181 4372 2283 4435 ipsius

288 4444 515 4525 amassent,
536 4447 648 4508 aeuus
666 4447 762 4523 porte
783 4442 874 4506 alteri
898 4443 1070 4525 quidquam
1087 4445 1260 4510 mordente
1309 4436 1505 4512 ardumum
1524 4430 1764 4532 ΐθθΡθΰξῙθῖθΨ·
1945 4519 1952 4531 ‚
2064 4521 2070 4534 ι
2117 4521 2124 4535 ς
2153 4522 2160 4536 .

288 4530 432 4611 quamvis
453 4530 519 4610 sm
539 4528 577 4592 de
597 4530 693 4593 meris
713 4527 861 4609 formum
881 4534 1032 4612 meretur,
1312 4601 1318 4613 .
1396 4514 1472 4613 Ego
1497 4535 1577 4581 vero
1609 4538 1661 4601 egi
1693 4538 1836 4617 primum
1868 4524 1992 4601 gratias
2014 4520 2163 4604 Pnnorpr
2196 4522 2283 4606 apud

1309 4619 1398 4680 ipsos
1419 4620 1474 4681 qu1
1496 4599 1633 4667 aderant
1653 4603 1866 4678 consrhanos,
1889 4604 1975 4686 quod
1991 4625 2066 4669 mea
2087 4627 2186 4672 causa
2208 4628 2283 4674 eum

725 3202 815 3270 τέλος.

289 4697 422 4759 (Metron
449 4697 510 4752 add
534 4698 569 4751 ad
587 4697 664 4751 Tom.
687 4698 707 4751 1.
731 4698 794 4751 hist.
819 4700 883 4753 scot
901 4699 1039 4752 Endmse
1063 4717 1088 4768 p.
1107 4699 1159 4753 618
1180 4717 1257 4769 seq.
1309 4692 1437 4749 coetum
1466 4686 1672 4753 instituisset.
1712 4689 1776 4772 Egi
1798 4709 1878 4754 vero
1907 4699 1941 4755 et
1966 4689 2032 4757 illis
2054 4692 2208 4758 omnibus
2228 4695 2283 4778 qni

288 4767 409 4835 Ruyper,
428 4765 513 4819 Lasos
531 4767 564 4819 Π·
584 4764 642 4819 724
670 4767 814 4821 variantes
834 4767 866 4820 ab
885 4768 936 4820 ¹¹00
953 4773 1060 4822 notatu
1078 4718 1261 4839 negligimusl)
1310 4769 1447 4834 aderant
1468 4775 1590 4856 gratias
1611 4775 1698 4857 quod
1713 4775 1754 4839 ad
1776 4773 2015 4840 instituendum
2034 4797 2164 4842 mecum
2186 4779 2283 4846 collo-

1312 4856 1423 4938 quium
1445 4859 1628 4939 venissent,
1657 4859 1804 4943 mihique
1830 4861 2055 4944 gratissimum
2076 4863 2178 4930 fuisse
2202 4866 2281 4931 haec

375 4936 440 5003 Ubi
462 4935 701 5021 Stuttgardiam
720 4940 884 5004 venissem
905 4947 1020 5021 quarto
1042 4938 1175 5010 demun
1197 4940 1259 5018 die,
1310 4942 1357 5006 ita
1386 4963 1427 5008 ex
1456 4943 1499 5008 D.
1523 4944 1656 5011 Brcats'o
1688 4945 1869 5023 audivisse,
1901 4946 1958 5012 sed
1991 4966 2124 5014 causam
2153 4952 2218 5016 mei
2246 4972 2282 5017 eo

289 5043 407 5104 nempe
427 5026 477 5085 22.
501 5022 591 5100 Maii,
621 5023 662 5088 ad
692 5034 819 5090 coctum
846 5024 1075 5108 theologorum
1097 5026 1260 5110 Principis
1310 5048 1385 5093 cum
1404 5029 1558 5113 Principe
1580 5031 1741 5097 adventus
1763 5032 1862 5096 aliam
1879 5033 1990 5110 fuisse,
2012 5054 2110 5115 quam
2131 5044 2170 5100 ut
2191 5046 2284 5120 puta·

290 5120 425 5173 vocatus
451 5110 486 5171 in
509 5106 646 5173 duorum
673 5110 776 5193 ipsius
797 5110 1055 5175 consiliariorum
1076 5113 1261 5195 praesentia
1311 5135 1381 5179 rem
1398 5136 1451 5179 me
1472 5116 1600 5200 ingredi
1619 5117 1736 5182 debere
1755 5117 1858 5182 ullam
1876 5117 2130 5201 disputationem
2147 5121 2189 5187 de
2208 5143 2283 5189 oon·

291 5212 366 5258 oum
387 5194 430 5258 D.
451 5192 581 5259 Brattia
602 5194 797 5277 colloquium
819 5194 928 5260 habui.
970 5197 1020 5261 Ac
1040 5197 1183 5279 primum
1204 5197 1260 5264 ille
1311 5200 1471 5265 troversia
1493 5203 1555 5268 hac
1576 5205 1780 5285 praesentiae
1801 5224 1859 5269 seu
1877 5202 2118 5272 delitesoentiae
2140 5210 2284 5293 corporis
