4754 5880
138 365 179 428 85
1017 369 1097 432 1556
1119 369 1260 436 Maur.
2091 381 2133 442 86

140 550 196 617 alii
229 552 379 618 nonnulli
411 554 579 620 nobiseum
620 555 776 634 sentiunt,
812 576 970 640 speroque
999 554 1110 621 Deum
1161 559 1239 636 lum,
1262 559 1429 625 hominem
1446 560 1584 643 probum
1605 569 1638 626 θι
1655 561 1827 637 sincerum,
1850 562 2014 630 doctrinae
2032 564 2136 630 etiam

140 636 218 720 Opt.
252 639 343 704 Max.
372 640 542 705 veritatem
573 642 735 725 evangelii
765 642 816 708 sui
845 642 955 708 electis
980 650 1012 707 et
1033 641 1111 707 filiis
1162 643 1343 722 mediocris,
1367 648 1428 722 cui,
1446 656 1484 711 ut
1500 648 1623 730 opinor,
1643 648 1864 732 assignabitur
1882 649 2007 734 inagro
2029 651 2131 717 locus.

138 725 208 788 suis
230 723 480 807 patefacturum.
504 762 1111 776 ----------
1162 730 1215 794 De
1244 730 1399 796 Badaello
1421 753 1547 815 quoque
1569 731 1760 798 videbimus.
1806 736 1929 819 Magna
1951 733 2052 801 Fabri
2069 737 2135 800 im·

140 813 317 892 Argentor.
342 815 391 874 25.
415 811 528 876 Martii
561 817 651 877 1556.
1163 815 1307 900 probitas
1333 817 1369 879 in
1395 816 1543 883 futilibus
1569 819 1739 884 calumniis
1768 819 1894 884 detecta
1921 821 1990 884 fuit
2038 821 2132 888 Missi

536 1108 735 1116 um

579 1322 675 1394 2418.

402 1477 637 1546 OALVINUS
671 1479 854 1547 VIRE'PO.

225 1649 276 1714 De
307 1650 446 1714 θῑθθιιῗθιιθ
478 1651 693 1715 ministrorum
721 1653 755 1716 in
788 1650 887 1717 ἱοθιθιι
921 1651 1058 1735 Poppim‘
1085 1660 1113 1719 er

74 1812 76 1815 v
139 1734 241 1799 Fabri
263 1734 515 1817 afficiendarum
533 1741 595 1799 lam
616 1737 702 1817 sarto
724 1757 819 1819 qaam
838 1738 993 1818 facienda.

137 1906 193 1970 (Ex
220 1906 389 1975 autographo
413 1906 476 1959 (iod.
501 1907 602 1960 Gener.
623 1906 695 1969 1072,
718 1909 762 1961 lol.
789 1907 850 1970 130;
879 1910 940 1963 coll.
964 1926 1023 1962 eum
1052 1928 1112 1964 exx.

138 1976 277 2027 Turretini
310 1975 375 2028 Cod.
399 1974 458 2037 108,
483 1976 528 2028 lol.
552 1974 586 2028 63
613 1995 649 2043 v.,
676 1977 803 2030 Berueusi
828 1979 897 2046 Epp.
923 1977 970 2029 Vl.
998 1977 1058 2042 640,
1085 1987 1113 2033 et

494 2046 602 2098 Simleri
621 2047 680 2099 Vol.
700 2045 755 2113 87.)

137 2215 273 2279 Eximio
303 2213 428 2280 christi
464 2216 628 2292 ministro,
669 2217 769 2281 Petro
802 2218 926 2294 Vireto,
960 2219 1113 2283 acclesiae

140 2300 391 2366 Irausaunensis
419 2301 483 2365 fido
512 2303 642 2400 pastori,
666 2302 760 2366 fratri
783 2315 815 2367 et
837 2314 1038 2387 symmystae
1060 2324 1112 2369 ca-

558 2408 694 2452 rrssrmo.

1163 910 1241 966 sunt
1262 901 1326 967 duo
1354 922 1396 966 ex
1418 913 1528 968 nostro
1551 903 1699 987 collegio,
1731 906 1786 988 qui
1808 926 1882 970 eum
1905 914 2132 990 coarguerent.

1164 985 1203 1052 Si
1224 988 1414 1070 perrexerit,
1428 988 1576 1054 dabimus
1586 1010 1727 1072 operam,
1751 1000 1788 1055 ut
1809 1012 1882 1055 eum
1896 1002 2029 1057 senatus
2044 1013 2131 1057 oom-

1163 1080 1282 1154 pescat.
1328 1072 1423 1153 Quod
1456 1072 1498 1139 ad
1531 1075 1649 1140 Pinum
1676 1084 1807 1158 spectat,
1836 1098 1871 1141 se
1892 1076 2131 1142 inconsiderate

1163 1169 1334 1241 gesserunt
1373 1168 1482 1237 testes,
1521 1162 1577 1244 qui
1623 1162 1699 1225 furti
1739 1163 1932 1227 convincere
1970 1172 2129 1245 poteraut.

1163 1242 1259 1308 Nunc
1297 1243 1412 1310 levitas
1449 1247 1484 1308 in
1523 1246 1735 1330 transigendo
1768 1246 1865 1311 fidem
1897 1246 1963 1312 illis
1995 1248 2131 1332 deroga-

1163 1337 1222 1394 ret.
1268 1330 1338 1413 Ego
1361 1331 1524 1412 quianon
1546 1332 1617 1396 sine
1645 1332 1811 1398 stomacho
1834 1341 1868 1398 et
1885 1353 2000 1398 severa
2024 1334 2131 1399 obiur-

1163 1415 1295 1565 ἓθιὶθιιθ
1320 1436 1375 1480 eos
1397 1416 1497 1481 semel
1519 1437 1608 1481 ame
1629 1417 1748 1500 depuli,
1771 1420 1889 1483 iterum
1910 1440 1977 1484 nou
1999 1419 2128 1485 vocabo.

1191 1502 1281 1565 imon
1309 1501 1533 1581 Brosrccus,⁷)
1567 1505 1611 1566 mi
1641 1503 1752 1580 Virete,
1771 1525 1830 1568 suo
1853 1525 1941 1569 more
1963 1505 2022 1569 tibi
2045 1505 2130 1570 frus·

1164 1594 1217 1648 tra
1243 1586 1398 1652 molestus
1427 1587 1499 1667 fuit,
1521 1597 1555 1651 et
1575 1588 1676 1654 bonus
1700 1590 1749 1653 vir
1771 1610 1805 1654 se
1823 1594 1856 1654 et
1874 1589 1953 1654 alios
1975 1610 2131 1672 superva-
2247 1611 2254 1615 ·

1163 1671 1233 1736 ouis
1251 1673 1338 1737 curis
1354 1672 1593 1738 inconsiderate
1606 1673 1760 1756 implicat,
1781 1695 1885 1756 neque
1899 1675 2065 1758 expendit,
2077 1675 2132 1739 vel

1164 1755 1243 1839 quid
1265 1758 1308 1821 sit
1325 1759 1429 1823 nostri
1447 1759 1677 1841 suiqueolfioii,
1700 1782 1759 1825 nec
1771 1759 1849 1842 quid
1870 1761 1957 1824 factu
1976 1762 2019 1824 sit
2041 1759 2131 1838 utile,

1164 1863 1225 1906 nec
1246 1840 1385 1925 denique
1402 1844 1480 1925 quid
1502 1844 1574 1908 fieri
1591 1857 1697 1927 queat,
1719 1845 1882 1910 discernit.
1922 1845 2044 1910 Mulier
2064 1865 2131 1910 non

1165 1926 1270 1994 solum
1306 1928 1497 2005 libidinosa,
1538 1930 1594 1995 sed
1631 1931 1762 2014 garrula
1794 1940 1827 1996 et
1856 1951 1976 2013 procax
2008 1933 2042 1995 in
2075 1930 2134 1996 illa

1164 2023 1349 2095 temporum
1378 2015 1525 2092 licentia,
1553 2037 1650 2098 quam
1678 2018 1779 2094 nosti,
1810 2038 1867 2099 per
1898 2024 2003 2081 totum
2032 2017 2134 2081 trien·

1165 2098 1266 2177 nium,
1294 2098 1399 2165 modis
1432 2101 1582 2166 omnibus
1610 2102 1779 2167 ecelesiam
1812 2112 1955 2167 nostram
1978 2102 2134 2167 turbavit.

1165 2184 1276 2266 Quum
1294 2187 1491 2252 monitiones
1513 2187 1585 2268 ipsa
1603 2198 1779 2269 respueret,
1798 2189 1934 2252 maritus
1956 2187 2054 2252 stulte
2065 2189 2135 2252 eius

1165 2272 1402 2337 contumaciam
1427 2271 1541 2337 alebat.
1585 2273 1732 2337 Tandem
1763 2273 1799 2337 in
1827 2272 1986 2337 adulterio
2022 2272 2135 2357 depre-

1166 2356 1270 2422 hensa
1297 2357 1402 2422 solitis
1434 2359 1557 2423 artibus
1585 2358 1625 2423 ad
1659 2367 1840 2424 extremum
1870 2379 1971 2440 usque
1989 2379 2136 2442 pugnare

1099 2469 1102 2476 ¹
1165 2463 1231 2506 non
1256 2442 1389 2507 destitit.
1434 2442 1519 2509 Vide
1548 2466 1636 2509 nuno
1663 2465 1705 2508 an
1734 2465 1792 2527 ego
1816 2443 2058 2526 deprecatorem
2080 2464 2134 2509 me

227 2556 262 2622 S.
284 2557 323 2621 In
352 2557 508 2622 electione
537 2557 626 2622 aliud
654 2559 798 2641 cepimus
820 2560 993 2625 consilium
1016 2582 1112 2643 quam

139 2654 343 2725 putaveram.
387 2642 510 2709 Utilius
537 2642 614 2709 hinc
647 2644 824 2710 medioeres
852 2666 980 2711 sumere
1005 2649 1113 2711 visum

141 2737 202 2805 est,
233 2750 330 2810 quam
360 2729 511 2793 molestos
543 2738 577 2793 et
595 2730 814 2795 incommodos
836 2732 991 2797 circuitus
1014 2733 1112 2797 obire.

141 2812 178 2879 Si
208 2813 367 2878 Merlr'rras
381 2818 403 2889 ¹)
434 2814 516 2879 liber
540 2816 663 2893 luisset,
691 2837 787 2880 nemo
805 2824 877 2880 erat
901 2839 996 2899 quem
1019 2838 1113 2900 prae-

142 2900 267 2963 ferrent
293 2902 417 2964 fratres.
463 2901 580 2982 Itaque
611 2904 681 2965 sine
710 2904 933 2967 controversia
963 2903 1114 2968 omuibus

142 2986 307 3068 suffragiis
326 2987 549 3050 electusloret.
574 2987 673 3069 Apud
697 2998 845 3051 senatum
870 3010 921 3053 res
943 2999 1013 3052 erat
1032 2990 1115 3053 diffi-

142 3071 221 3143 cilis,
254 3084 350 3153 atque
380 3073 478 3136 etiam
504 3072 624 3149 odiosa,
651 3094 726 3136 nam
760 3075 821 3137 etsi
848 3094 906 3156 per
924 3096 982 3138 vos
1012 3077 1114 3157 impe·

142 3167 229 3221 trata
256 3167 341 3222 esset
367 3159 437 3222 eius
466 3159 586 3235 missio,
609 3160 713 3222 nostri
737 3159 797 3222 hoe
818 3161 1009 3241 praesertim
1032 3172 1114 3225 tem-

142 3264 218 3325 pore
251 3264 417 3325 nunquam
451 3243 581 3308 adducti
603 3255 721 3320 essent,
756 3253 794 3308 ut
815 3245 850 3307 in
873 3267 909 3309 re
931 3246 1057 3310 tantula
1078 3267 1113 3311 se

141 3328 316 3392 redderent
334 3329 450 3394 vicinis
474 3330 638 3407 obnoxios,
657 3331 773 3412 quibus
791 3341 976 3395 statuerunt
994 3353 1113 3415 negare

142 3413 226 3497 quod
249 3413 480 3496 proculdubio
503 3416 647 3481 vicissim
677 3424 834 3498 peterent.
875 3417 1014 3481 Frustra
1036 3437 1113 3501 ergo

1165 2529 1373 2610 interponere
1396 2528 1481 2594 ultro
1504 2528 1653 2608 debeam,
1682 2532 1736 2612 qui
1766 2530 1881 2594 exsilio
1904 2528 2038 2613 diguam
2059 2548 2135 2594 een·

1166 2614 1216 2678 sui
1244 2623 1278 2678 θι
1304 2612 1433 2696 quidem
1463 2624 1590 2680 tacente
1618 2617 1743 2691 marito,
1766 2617 1821 2698 qui
1843 2624 1880 2679 ut
1899 2616 2043 2681 omnium
2065 2636 2135 2680 ma·

1165 2698 1271 2763 lorum
1295 2699 1424 2782 eulpam
1445 2700 1479 2764 in
1503 2722 1562 2766 nos
1574 2700 1796 2780 transscribat,
1818 2700 2001 2766 hoooueris
2022 2702 2058 2765 in
2076 2721 2136 2766 uos

1166 2785 1286 2850 reiecit.
1327 2786 1378 2849 'I'u
1410 2786 1486 2868 quid
1519 2787 1663 2852 facturus
1692 2789 1751 2863 sis,
1782 2787 1903 2851 simeo
1936 2786 2006 2852 loeo
2039 2807 2136 2865 esses,

1166 2870 1284 2935 nescio.
1313 2871 1384 2953 Ego
1399 2871 1517 2937 talibus
1532 2872 1671 2937 cerebris
1683 2894 1749 2936 non
1765 2870 1985 2937 obsecundare
1996 2872 2134 2936 decrevi.

1169 2953 1327 3042 Vale[te],
1363 2956 1479 3039 optimi
1508 2970 1541 3020 et
1571 2959 1772 3042 integerrimi
1803 2958 1929 3022 fratres.
1973 2958 2136 3023 Dominus

1167 3063 1295 3124 semper
1313 3041 1404 3106 vobis
1425 3041 1519 3120 adsit,
1542 3065 1600 3109 vos
1619 3043 1780 3126 gubernet
1802 3065 1839 3107 ac
1862 3053 2004 3108 tueatur.
2028 3043 2135 3108 colle-

1167 3147 1227 3210 gae
1245 3128 1310 3192 mei
1344 3138 1379 3192 ut
1401 3127 1561 3210 plurimas
1589 3130 1712 3213 gratias
1736 3128 1824 3193 vobis
1847 3149 1976 3211 agerem
2000 3129 2136 3193 mauda-

1167 3222 1252 3276 runt.
1295 3212 1443 3279 Salutate
1461 3215 1588 3280 amicos.
1624 3215 1780 3280 Genavae
1804 3219 1832 3277 3.
1846 3211 1980 3279 calend.
2004 3213 2136 3298 Apriles

1590 3436 1729 3500 Ioannes
1751 3435 1911 3500 Calvinus
1934 3446 2049 3500 vester.

142 3499 340 3565 contendere
369 3520 434 3564 uon
465 3499 587 3583 placuit
609 3503 661 3566 vel
681 3521 741 3566 nos
763 3501 800 3565 in
822 3499 1006 3577 discrimen,
1029 3502 1114 3584 quod
1235 3542 1239 3555 ›

142 3585 334 3669 fugiendum
374 3596 432 3666 est,
466 3588 633 3653 conlisere.
680 3585 807 3651 Eadem
843 3588 879 3650 iu
919 3586 1076 3653 Brocaaeo
1085 3590 1113 3674 ²)

144 3672 247 3736 valuit
273 3673 372 3736 ratio:
401 3673 559 3737 memoria
584 3673 672 3738 enim
702 3681 817 3737 teuent
838 3675 951 3752 nostri,
978 3695 1013 3738 se
1034 3673 1112 3738 olim

142 3757 208 3822 illio
238 3758 402 3840 repulsum
432 3759 468 3822 in
492 3756 638 3823 Corderio
659 3778 772 3840 passos
793 3761 909 3839 asael)
951 3758 1004 3823 Ad
1026 3759 1113 3823 idem

142 3863 215 3908 cum
239 3841 404 3910 dedecoris
422 3844 564 3926 periculo
587 3843 779 3909 tentandum
799 3843 855 3908 vix
878 3846 972 3910 tracti
994 3853 1112 3911 essent.

142 3928 257 4011 Itaque
286 3929 498 4012 supersedere
531 3930 722 4005 maluimus,
754 3938 787 3993 et
819 3930 902 3994 forte
936 3929 1114 3995 absurdum

143 4014 258 4080 fuisset
279 4035 443 4080 accersere
461 4036 502 4079 cx
519 4015 645 4097 oppido,
668 4037 763 4097 quem
787 4034 870 4098 pago
891 4017 1112 4096 praeficerent.

144 4099 321 4165 Bodaellar
348 4122 467 4184 magno
508 4122 668 4166 consensu
699 4100 821 4166 electus
846 4111 904 4166 est.
915 4101 943 4185 ⁴)
992 4101 1034 4164 In
1062 4121 1113 4166 se·

144 4183 248 4251 cundo
283 4187 525 4252 haesitavimus.
577 4185 651 4251 Nisi
677 4187 887 4270 Yopoatiaell
917 4196 1113 4262 excusasset,

143 4271 245 4337 maior
267 4293 341 4354 pars
363 4273 398 4336 in
416 4294 492 4336 eum
514 4292 674 4354 propensa
695 4279 774 4335 erat.
808 4271 1015 4337 Descendere
1036 4292 1114 4355 ergo

144 4358 245 4422 coacti
284 4379 397 4422 sumus
437 4357 478 4421 ad
510 4359 647 4434 Petrum
677 4356 797 4423 Darem
812 4361 837 4436 1)
878 4357 1113 4441 hypodidasca-

144 4595 232 4650 2418.
251 4598 277 4658 1)
298 4596 339 4649 lo.
360 4595 633 4720 Raimaadusffrof.
654 4597 873 4651 masconensis.

245 4664 276 4729 2)
295 4663 474 4720 Neocomeaaa
491 4665 526 4730 cs.
577 4706 581 4717 .
600 4663 677 4718 2386.
696 4663 773 4720 2391.
790 4664 866 4718 2412.

243 4734 272 4801 3)
292 4734 366 4786 Eam
377 4735 441 4787 olim
453 4733 620 4788 Gencoeaaes
631 4742 802 4799 ιοθαθθνιιιιι,
816 4734 864 4788 sed
872 4734 988 4798 frastra.
1009 4732 1113 4787 lteram

142 4818 204 4871 erpo
224 4804 418 4882 Neocomenses
435 4803 514 4858 adire
530 4803 657 4857 ιιοὶθὸιιιιι
673 4804 787 4856 aaran
805 4802 870 4884 inde
886 4803 1019 4857 vocaturi.
1098 4871 1103 4882 .

141 4956 201 4995 aa
218 4869 1113 5006 ,ttttttt‘tttttt”tt?²t;²tmtt„⁰t3ttttt

243 5009 272 5076 5)
292 5010 490 5074 Ambianorum,
508 5026 533 5063 a.
554 5006 622 5061 1557
637 5011 712 5076 prot.
734 5010 831 5077 philos.
851 5007 1029 5074 husonum,
1047 5009 1114 5062 rosc

143 5077 209 5131 ¹56⁰
230 5078 391 5213 (bbmlddtdas
410 5146 450 5200 Le
468 5144 531 5199 Duc
555 5145 587 5199 de
611 5143 709 5214 Topese
732 5161 765 5198 en
783 5143 894 5209 Dombe,
919 5145 1113 5198 consuerent

140 5216 170 5343 ξε
187 5214 405 5338 {madelinus
421 5216 548 5282 suffectae
566 5210 682 5278 (Be'tont
699 5231 725 5280 p.
743 5211 787 5279 19)
801 5219 896 5281 postea
915 5211 980 5266 1561
999 5229 1023 5267 v.
1040 5214 1066 5267 d.
1078 5231 1113 5266 m.

1601 4046 1699 4116 2419.

1363 4198 1701 4266 NYDBRUOKIUS
1725 4199 1941 4265 GALVINO.

1260 4371 1394 4436 Veterem
1418 4371 1665 4436 mactatione
1697 4372 1731 4435 in
1761 4370 1916 4435 radiato
1943 4374 2135 4455 Arycatora-

1166 4458 1247 4522 teasi
1269 4457 1343 4522 olim
1363 4461 1462 4520 atem
1490 4457 1524 4519 in
1545 4458 1726 4520 memmium
1747 4457 1776 4521 ci
1797 4461 1923 4533 revocat,
1947 4463 1975 4521 et
1994 4459 2138 4541 fraqum-

1164 4545 1260 4606 tioreo
1284 4543 1392 4607 literas
1414 4541 1475 4605 eibi
1492 4543 1613 4621 repetit.
1660 4543 1741 4606 Tam
1762 4542 1926 4607 conabant
1948 4546 2137 4611 ceneten

1164 4629 1224 4694 dae
1246 4628 1393 4694 ammae
1413 4627 1634 4693 θθθίθθίαιιιθαθ
1654 4627 1842 4692 univocatio
1858 4632 2006 4709 proponit
2026 4637 2053 4695 ct
2074 4653 2136 4713 qao

1165 4713 1302 4780 malado
1329 4715 1529 4796 pulsantum
1558 4714 1708 4778 aradam
1728 4715 1771 4777 sc
1792 4715 1824 4777 in
1848 4714 1906 4778 toli
1924 4716 2066 4782 traduto
2083 4738 2135 4783 esr-

1164 4800 1314 4882 seqaeado
1335 4801 1464 4881 quaec

1330 4969 1384 5035 (Ex
1402 4968 1568 5038 autographo
1587 4968 1652 5021 (lod.
1673 4968 1754 5023 Goth.
1772 4968 1831 5035 loe,
1851 4970 1896 5024 lol.
1915 4969 1971 5037 80.)

1267 5210 1296 5277 7)
1317 5211 1433 5265 Omnino
1445 5209 1518 5263 altas
1535 5224 1567 5262 ao
1582 5209 1630 5278 qai
1646 5223 1738 5276 supra
1768 5207 1853 5262 Ouiae
1869 5211 2004 5278 nepotiane
2022 5215 2049 5264 et
2064 5227 2136 5282 prece

1163 5284 1468 5348 praetercurrentes
1486 5279 1563 5332 robis
1579 5280 1727 5346 insepalta.

1892 5363 1929 5415 6.
