4778 5888
908 368 989 429 1556
1012 365 1111 432 MAI.
1945 380 2007 443 173

119 548 285 615 habemus.
332 549 408 614 Non·
437 551 526 616 enim
559 572 600 617 ex
632 552 673 615 iis
705 572 778 617 sum
811 553 866 635 qui
896 549 981 618 datis
1032 570 1147 635 precor
1179 561 1216 617 nt
1248 553 1282 619 id
1314 553 1378 634 det,
1412 577 1477 621 non
1512 563 1549 621 ιιι
1573 556 1631 621 tibi
1650 555 1815 640 adversor,
1837 559 1895 627 sod
1916 569 1954 628 ut
1969 563 2008 629 id

94 635 213 699 tulariis
245 635 350 702 literis
379 637 544 720 improbos
574 646 705 701 armant
729 648 763 703 et
783 639 918 703 firmant
944 639 981 706 in
1031 637 1116 719 quod
1139 645 1248 704 tecum
1281 639 1448 706 ardentius
1477 640 1626 707 desidero
1648 665 1867 727 assequamur,
1890 668 2007 730 paoem

94 721 130 783 ιιι
152 721 220 786 suis
241 724 412 787 sententiis
429 730 542 788 contra
585 722 643 788 ios.
1031 731 1065 787 et
1085 744 1198 790 veram
1220 725 1428 791 ecclesiarum
1451 727 1667 793 concordiam.

94 805 230 871 [rubens
251 806 317 891 legi
337 829 420 890 quae
442 809 539 874 affers
557 743 598 872 de
619 830 687 873 non
709 806 892 891 expetendo
913 807 980 873 col·
1116 809 1159 874 In
1180 831 1245 892 qua
1266 812 1391 876 utinam
1415 813 1461 877 ita
1483 813 1686 878 laborassent
1706 835 1830 894 omnes,
1852 827 1891 881 ut
1908 825 1946 882 tu
1967 818 2005 883 in

96 893 163 970 ι’)
186 912 247 957 ιιι
263 900 314 957 ιιι
332 892 417 975 quod
439 901 589 959 nostrum
607 913 683 977 pars
704 894 855 978 refugiat,
877 914 980 976 quum
1031 901 1087 959 tuo
1114 905 1226 960 sancto
1253 895 1337 960 libro
1370 897 1411 962 de
1444 918 1507 980 quo
1529 899 1589 964 tibi
1611 900 1762 983 ingentes
1784 921 1845 985 ago
1868 903 2003 985 gratias,

119 985 237 1059 pateat,
269 978 325 1043 ubi
352 1000 464 1045 omncs
492 981 548 1062 qui
577 980 806 1063 evangelizant
826 979 859 1044 id
881 1000 980 1061 cxpe-
1031 979 1203 1045 habiturus
1225 1002 1355 1065 semper
1379 983 1558 1047 maximam
1578 1005 1679 1066 quum
1697 986 1818 1050 referre
1839 1007 1905 1051 non
1927 1008 2003 1070 pos·

94 1072 125 1141 ιι,
154 1063 213 1127 vix
241 1085 295 1128 eos
324 1066 380 1147 qui
402 1076 563 1147 praesunt
579 1064 612 1129 id
630 1065 856 1148 permissuros,
880 1065 980 1146 siqui·
1032 1066 1108 1129 sim:
1132 1073 1165 1130 et
1186 1066 1340 1132 ecclesiae
1358 1069 1491 1133 nomine
1508 1069 1568 1134 tibi
1591 1070 1746 1152 gratulor,
1765 1081 1860 1154 teque
1881 1093 2003 1154 quaeso

120 1157 278 1230 quantum
311 1151 455 1228 coniicio,
478 1152 514 1214 in
537 1151 577 1215 iis
601 1171 682 1233 quae
703 1162 781 1214 sunt
801 1150 926 1215 Christi
948 1159 981 1216 et
1031 1152 1079 1215 ita
1099 1171 1226 1234 pergas,
1246 1154 1403 1236 cupioque
1425 1175 1467 1217 ne
1488 1154 1536 1218 ita
1553 1154 1725 1238 indulgeas
1736 1156 1840 1221 amori
1862 1165 1895 1221 et
1915 1179 2003 1224 com·

94 1234 172 1310 siae,
191 1235 264 1316 plus
280 1236 401 1300 timent
419 1235 542 1319 aliquid
553 1255 629 1300 cum
640 1236 712 1300 aliis
724 1236 870 1302 conferre
882 1257 980 1318 quam
1031 1236 1233 1302 mendationi
1266 1258 1380 1302 eorum
1412 1239 1468 1322 qui
1497 1246 1603 1304 tecum
1640 1250 1727 1316 sunt,
1757 1250 1794 1305 ιιι
1821 1242 1898 1308 inde
1920 1264 2003 1325 quae

94 1327 311 1401 atatemquam
324 1322 446 1386 habent
461 1342 623 1387 summam
638 1323 673 1385 in
692 1322 772 1386 alios
790 1323 978 1399 transferre,
1032 1342 1090 1402 per
1119 1333 1150 1387 te
1183 1323 1345 1389 Dominus
1377 1325 1446 1408 agit
1478 1324 1655 1390 eleventur.
1708 1326 1794 1390 Nam
1827 1327 1891 1392 nisi
1914 1337 2003 1395 totus

94 1405 170 1470 otius
191 1406 227 1468 in
248 1406 290 1470 iis
313 1427 395 1489 quae
417 1417 495 1473 sunt
517 1408 686 1488 potestatis
709 1428 785 1471 cum
807 1407 880 1471 aliis
902 1426 979 1470 eon·
1031 1407 1135 1485 fallor,
1164 1409 1249 1474 sicut
1277 1431 1319 1473 ex
1341 1410 1450 1474 animo
1471 1429 1632 1491 cuperem,
1656 1421 1713 1475 tua
1733 1411 1798 1476 ista
1819 1411 1895 1477 libri
1916 1434 2003 1479 com·

94 1500 131 1554 nt
152 1511 250 1574 quam
272 1492 307 1556 in
325 1493 365 1556 iis
383 1513 467 1575 quae
489 1493 529 1556 ad
546 1491 670 1558 Christi
689 1513 827 1576 regnum
844 1492 978 1557 faciunt.
1030 1493 1198 1557 mendatio
1219 1494 1331 1559 china'
1348 1492 1500 1559 detrahet
1516 1497 1642 1578 gratiae
1664 1496 1738 1560 libri
1757 1497 1805 1560 tui
1827 1509 1860 1562 et
1881 1497 2003 1564 fructui

112 1584 235 1653 tenent,
248 1572 372 1642 norurit
394 1588 427 1642 et
448 1589 561 1643 amant
578 1580 978 1642 sanctorumeommunio-
1030 1578 1285 1644 incommodabit
1335 1600 1432 1662 quem
1472 1601 1629 1663 magnum
1667 1603 1844 1663 speramus.
1902 1584 2003 1649 Faxit

116 1673 149 1726 et
170 1664 216 1727 ita
237 1684 272 1727 se
290 1664 350 1727 sub
368 1685 433 1728 uno
455 1665 562 1747 capite
582 1665 715 1728 Christo
738 1685 812 1729 oum
831 1663 904 1728 aliis
925 1684 980 1747 ag·
1031 1663 1185 1729 Ohristus
1205 1672 1243 1729 ιιι
1264 1665 1307 1729 ιιι
1327 1687 1425 1748 quam
1448 1668 1618 1730 maximus.
1662 1667 1800 1748 ignosce
1822 1668 1851 1733 si
1873 1677 1906 1734 te
1923 1668 2002 1735 lihe-

94 1757 147 1811 1nt
165 1749 690 1831 utmembraeiusdemcorporis,
713 1762 833 1814 utnon
852 1757 979 1813 tantum
1030 1749 1099 1814 rius
1132 1752 1304 1815 convenio:
1339 1771 1418 1815 nam
1456 1773 1553 1833 quum
1586 1761 1619 1816 te
1648 1752 1752 1817 colam
1780 1755 1816 1817 in
1849 1754 2001 1834 Domino,

94 1855 179 1898 nune
212 1833 355 1899 habeant
387 1857 461 1901 cum
494 1835 560 1900 illis
577 1843 736 1918 quantum
758 1834 882 1899 habent
903 1855 979 1899 cum
1031 1856 1128 1917 quam
1140 1836 1283 1900 maxime
1304 1845 1380 1919 opto
1400 1847 1438 1900 ut
1460 1839 1529 1901 sine
1547 1837 1615 1901 ulla
1626 1839 1805 1903 offensione
1822 1839 2002 1922 plurimum

94 1919 194 1984 elibus
223 1941 324 2001 super
350 1921 390 1985 iis
418 1940 501 2004 quae
523 1929 630 1985 terrae
653 1931 738 1985 sunt.
774 1920 901 1985 Verum
922 1921 978 1985 ubi
1031 1922 1154 1986 servias
1176 1921 1386 1986 ecclesiarum
1409 1922 1634 1988 aedificationi.

94 2026 122 2069 es
147 2007 394 2081 assentirentur,
424 2008 532 2072 nescio
555 2027 597 2069 an
626 2006 729 2070 altera
751 2027 828 2087 pars
858 2007 901 2071 sit
923 2005 979 2071 de·
1116 2006 1273 2086 Quereris
1302 2008 1418 2071 merito
1446 2008 1486 2071 de
1507 2007 1697 2073 Germania.
1741 2009 1912 2091 Principes
1940 2009 2002 2075 sibi

94 2112 164 2155 sura
187 2113 269 2173 quae
296 2091 366 2155 sola
388 2093 563 2157 autoritate
585 2093 730 2156 humana
748 2111 808 2155 nos
831 2092 903 2155 vult
920 2111 979 2172 op·
1031 2090 1213 2156 aansare
1236 2100 1388 2156 metuunt
1409 2102 1443 2156 ιι
1470 2093 1545 2176 plus
1572 2094 1662 2157 fumo
1691 2094 1828 2159 evanido
1851 2093 2003 2160 tribuunt

94 2196 148 2252 vos,
160 2178 315 2259 sequique
326 2177 479 2242 tenebras
501 2178 661 2260 opinionis
673 2178 838 2241 humanae
860 2188 894 2241 et
911 2198 979 2241 non
1030 2197 1128 2260 quam
1150 2178 1364 2259 omnipotenti
1387 2185 1420 2242 et
1438 2188 1570 2243 aeterno
1592 2179 1728 2243 numini.
1773 2178 1840 2244 Sed
1861 2178 1939 2262 quid
1961 2179 2002 2246 de

94 2282 113 2324 n
135 2262 257 2326 claram
286 2263 434 2328 veritatis
453 2263 590 2343 divinae,
612 2284 710 2345 quam
727 2264 782 2345 qui
805 2263 890 2327 male
911 2263 980 2346 agit
1029 2262 1214 2344 pastoribus
1234 2271 1302 2328 tam
1320 2263 1504 2328 elumbibus
1526 2274 1560 2328 et
1580 2263 1696 2346 quibus
1719 2265 1802 2328 nihil
1823 2276 1873 2329 est
1895 2275 2002 2348 pecto·

94 2348 136 2428 git.
167 2349 289 2412 Tamen
303 2346 458 2432 quidquid
476 2350 602 2428 afferas,
624 2348 700 2413 licet
724 2358 755 2412 te
778 2349 811 2411 in
835 2348 978 2412 Domino
1030 2350 1086 2427 ris,
1109 2350 1209 2413 animi
1227 2356 1259 2413 ιι
1281 2349 1423 2422 virtutis,
1454 2349 1509 2432 qui
1530 2358 1642 2413 ventos
1665 2359 1793 2414 tantum
1816 2351 2001 2429 observant,

94 2434 120 2496 ιι
142 2433 258 2498 faciam
288 2443 408 2517 tuaque
436 2445 550 2498 sancta
571 2434 706 2499 consilia
727 2455 792 2497 non
815 2432 977 2512 damnem,
1029 2443 1067 2498 ut
1105 2441 1183 2498 suut
1212 2455 1279 2498 nou
1317 2433 1435 2516 pauci?
1483 2433 1572 2514 Quid
1600 2435 1740 2519 populus
1772 2456 1837 2499 non
1871 2445 2002 2501 tantum

97 2541 119 2582 n
147 2530 256 2601 persto
285 2519 383 2603 longe
401 2521 504 2585 satius
526 2540 597 2584 esse
619 2541 729 2585 coram
751 2520 860 2585 verbis
882 2540 978 2602 agere
1030 2518 1141 2584 ebrius
1168 2521 1256 2595 vino,
1290 2535 1444 2602 utquam
1474 2520 1618 2584 maxima
1651 2540 1728 2603 pars
1760 2531 1915 2602 perpetuo
1941 2530 2001 2601 est,

94 2606 239 2687 rprocul
260 2606 398 2687 scriptis,
422 2615 455 2669 et
476 2614 513 2669 ut
535 2605 808 2687 praedicationem
831 2607 978 2687 praefero
1031 2604 1088 2670 sed
1120 2605 1192 2671 aliis
1225 2615 1259 2670 et
1290 2606 1405 2669 multis
1434 2605 1548 2670 vitiis?
1592 2605 1752 2670 Videmus
1774 2615 1807 2669 ιι
1828 2605 1912 2688 quod
1934 2613 2002 2671 stat

94 2693 149 2765 vni,
173 2690 309 2773 plusqua
327 2691 509 2755 auditorem
531 2692 688 2774 proficere
705 2690 977 2774 quamlectorem,
1031 2690 1137 2755 adhuc
1166 2700 1200 2755 ct
1228 2689 1313 2773 quod
1332 2701 1481 2773 superest
1501 2693 1536 2754 in
1562 2692 1669 2768 verbe,
1693 2693 1798 2772 gratia
1815 2699 1946 2755 tantum
1967 2699 2002 2756 ιι

94 2778 301 2842 tentationem
321 2777 459 2842 amicam
481 2798 500 2840 a
521 2779 583 2859 piis
604 2778 723 2841 factam
744 2796 854 2842 eoram
876 2774 980 2858 pluris
1031 2775 1100 2842 solo
1122 2777 1233 2841 favore
1252 2776 1384 2840 Domini
1401 2785 1488 2842 stare
1510 2784 1544 2840 et
1569 2797 1754 2859 superesse:
1771 2776 1856 2859 quod
1874 2777 1901 2841 si
1924 2798 2000 2842 con·

123 2883 220 2943 quam
252 2860 337 2943 quod
366 2863 495 2945 scriptis
528 2865 574 2927 fit.
618 2862 705 2927 Nam
734 2862 830 2926 aliter
859 2862 924 2926 alia
945 2862 980 2926 vi
1032 2871 1183 2927 servetur
1215 2861 1327 2926 eodem
1345 2862 1402 2926 fiet
1430 2863 1551 2938 favore,
1574 2883 1634 2926 nec
1657 2860 1768 2926 dubito
1789 2863 1869 2943 quin
1891 2869 2000 2928 servet

94 2949 176 3030 gitur
203 2969 305 3029 quum
335 2950 405 3031 agis
430 2969 505 3013 cum
536 2968 574 3012 ιο
592 2969 689 3030 quem
712 2967 848 3011 avocare
868 2947 980 3012 studes
1032 2947 1153 3012 multos
1175 2948 1346 3012 Dominus.
1390 2947 1614 3013 Antichristus
1636 2956 1668 3011 et
1690 2948 1741 3010 sui
1764 2948 1912 3029 ingentes
1923 2967 2000 3012 con-

94 3054 117 3096 ιι
145 3033 263 3110 verbis,
289 3054 371 3114 quae
404 3041 534 3098 tantum
555 3042 744 3117 praesentes
765 3055 839 3099 cum
862 3033 980 3115 quibus
1032 3034 1156 3114 cipiunt
1176 3054 1251 3116 spes
1273 3033 1424 3097 laetiores
1447 3031 1487 3097 de
1508 3033 1604 3096 ruina
1628 3032 1763 3115 anglica,
1786 3030 1911 3115 sibique
1931 3033 2000 3115 pol·

107 3119 255 3195 audiunt,
284 3140 382 3201 quam
410 3119 550 3202 scriptis,
575 3140 658 3202 quae
680 3140 747 3183 non
765 3119 821 3183 ille
851 3127 980 3184 tantum
1031 3119 1171 3183 licentur
1199 3118 1298 3183 etiam
1327 3118 1453 3182 maiora
1479 3117 1519 3181 de
1541 3118 1620 3182 aliis.
1662 3116 1729 3182 seu
1751 3118 1880 3182 bostra
1925 3118 2001 3183 Non

94 3206 194 3287 ruivis
223 3213 273 3268 est
295 3204 449 3282 lecturus,
468 3205 523 3270 ubi
546 3204 684 3269 aliorum
707 3226 772 3269 non
794 3205 905 3268 minus
927 3226 979 3268 ra·
1031 3205 1119 3267 enim
1148 3204 1231 3268 feret
1258 3203 1419 3268 Dominus
1448 3213 1573 3268 tantam
1604 3203 1749 3283 ipsorum
1778 3205 2000 3286 arrogantiam

94 3311 131 3353 vm
166 3289 266 3355 habes
300 3311 397 3373 quam
431 3291 501 3355 eius
530 3289 571 3354 ad
594 3311 692 3372 quem
714 3291 838 3355 scribis.
880 3289 979 3370 Quod
1032 3290 1244 3355 contumelias
1276 3299 1309 3353 et
1332 3286 1366 3352 id
1398 3309 1503 3372 genus
1532 3310 1569 3353 eo
1594 3289 1766 3371 pervenire
1797 3298 1830 3352 et
1854 3307 1999 3354 crescere

94 3375 167 3441 teris
199 3385 327 3439 tantum
356 3387 508 3460 ageretur
539 3377 685 3458 privatis,
713 3377 780 3442 illio
815 3376 981 3440 videretur
1031 3397 1094 3459 quo
1112 3382 1163 3439 ter
1184 3376 1294 3441 miseri
1313 3375 1521 3440 contendunt.
1566 3374 1735 3438 Percutiat
1757 3372 1857 3450 Deus,
1879 3374 1999 3438 celotes

110 3461 247 3525 rationis
275 3483 361 3526 esse:
390 3460 447 3525 sed
480 3463 553 3543 quis
581 3483 647 3526 non
671 3461 761 3525 videt
779 3464 886 3544 potius
910 3482 979 3525 rem
1031 3482 1108 3526 suae
1131 3461 1263 3544 gloriae,
1282 3480 1415 3525 saevam
1438 3460 1527 3523 illam
1540 3458 1725 3523 Athaliam:
1744 3479 1827 3540 quae
1850 3470 1916 3522 tam
1938 3461 1999 3523 im·

100 3569 159 3629 per
180 3549 287 3629 ipsum
305 3557 451 3611 autorem
476 3557 509 3611 et
531 3548 711 3630 principem
732 3568 829 3630 quam
852 3568 911 3630 per
928 3547 979 3611 vi·
1021 3547 1132 3629 proba
1160 3549 1280 3611 evertit
1312 3556 1345 3610 et
1380 3544 1533 3610 demolita
1562 3555 1612 3608 est
1641 3545 1802 3608 instauret
1834 3543 1997 3610 Christus.

94 3632 154 3696 unl
195 3632 328 3697 Literae
346 3632 424 3715 quid
447 3631 536 3697 aliud
558 3643 635 3698 sunt
656 3654 753 3715 quam
777 3633 916 3697 vicariae
939 3631 980 3696 ad
1031 3632 1142 3696 Gallia
1168 3653 1268 3714 supra
1296 3652 1388 3713 spem
1410 3630 1504 3695 ardet
1525 3640 1558 3694 et
1580 3631 1696 3695 crescit
1716 3630 1751 3692 in
1774 3630 1884 3696 verbo.
1924 3630 1999 3695 Nisi

94 3729 159 3782 ates
181 3718 268 3783 vocis
290 3738 373 3801 quae
395 3719 620 3800 praesentibus
642 3718 784 3801 loquitur
806 3728 840 3782 et
861 3726 900 3782 ut
921 3738 978 3783 ex·
1032 3716 1194 3782 Dominus
1229 3737 1283 3783 cor
1305 3717 1391 3799 regis
1419 3716 1581 3790 immutet,
1612 3715 1738 3797 aliaque
1770 3714 1894 3779 ratione
1922 3736 1997 3796 per-

94 3806 168 3867 ·ntia
197 3802 290 3869 docet
309 3805 356 3868 ita
376 3825 430 3870 res
452 3805 523 3886 ipsa
544 3804 701 3885 loquitur:
724 3803 801 3869 licet
823 3805 867 3869 sit
888 3805 980 3868 inve·
1030 3812 1112 3886 gant
1137 3804 1193 3885 qui
1214 3811 1370 3886 praesunt
1402 3823 1499 3884 quam
1519 3802 1684 3878 hactenus,
1708 3801 1770 3863 erit
1790 3799 1866 3863 talis
1887 3822 1998 3882 perse·

103 3893 160 3973 qui
192 3889 334 3954 infantes
363 3899 396 3953 et
427 3911 530 3973 paene
562 3890 646 3953 mut-i
678 3900 757 3954 sunt
778 3889 900 3972 lingua,
924 3891 979 3971 qui
1030 3890 1145 3971 quutio
1162 3888 1267 3971 qualis
1285 3907 1452 3968 nunquam
1471 3886 1583 3950 audita
1599 3886 1668 3949 fuit
1708 3883 1832 3950 Ordine
1855 3892 1998 3968 pergunt

95 3977 139 4041 tis
164 3976 286 4057 optime
308 3984 341 4039 ιι
362 3975 518 4058 quidquid
534 3974 651 4039 volunt
668 3976 865 4057 exprimunt.
911 3973 978 4040 Sed
1030 3974 1077 4057 pii
1099 3982 1132 4038 et
1154 3975 1269 4056 purius
1295 3974 1331 4035 iu
1349 3973 1450 4037 verbo
1467 3993 1563 4053 quam
1587 3992 1763 4052 nunquam,
1784 3969 1923 4051 plusque
1944 3990 1997 4034 ca-

94 4082 147 4126 aro
179 4062 286 4124 rarius
318 4070 376 4126 est.
421 4061 487 4127 Ubi
520 4080 595 4125 cum
626 4061 727 4126 vafris
755 4070 788 4125 ιι
817 4061 872 4144 qui
895 4060 977 4125 nihil
1031 4068 1109 4124 vent
1138 4070 1172 4123 et
1199 4059 1332 4142 fugiunt
1360 4079 1471 4122 omnes
1500 4056 1765 4132 abominationes,
1796 4056 1844 4119 ita
1866 4054 1997 4120 demum

94 4157 140 4211 ιιιι
172 4167 268 4229 quam
299 4145 410 4212 verbis
438 4147 568 4211 irretire
590 4145 748 4224 homines,
782 4156 816 4210 st
847 4166 901 4210 res
929 4153 978 4210 ιιι
1029 4155 1069 4209 ut
1089 4143 1243 4227 quidquid
1269 4141 1427 4208 Satanam
1456 4162 1658 4206 commovere
1686 4151 1792 4223 potest
1809 4154 1842 4204 ιι
1863 4161 1918 4206 ιιι
1940 4143 1996 4223 qui

94 4233 146 4297 uli
174 4232 280 4314 plena,
311 4231 356 4296 ibi
385 4232 516 4315 seriptis
539 4252 635 4316 agere
657 4231 851 4297 meditatis*
872 4232 977 4296 omni·
1030 4231 1233 4296 Antichristo
1261 4228 1440 4292 adhaerent
1466 4229 1532 4292 fiat.
1577 4227 1721 4291 Tantum
1743 4226 1776 4289 id
1799 4225 1889 4289 deest
1911 4226 1996 4308 quod

96 4328 147 4383 est
170 4319 281 4398 tutius,
315 4316 373 4382 sed
405 4318 440 4381 in
472 4327 540 4382 tam
573 4317 662 4383 clara
693 4318 774 4395 luce¹
797 4318 853 4391 ubi
874 4316 913 4381 de
935 4317 976 4380 iis
1029 4339 1096 4381 non
1113 4325 1180 4380 tam
1202 4323 1313 4396 aperte
1334 4334 1431 4396 quam
1454 4325 1605 4395 optamus
1627 4322 1661 4375 et
1681 4311 1752 4375 fieri
1770 4308 1873 4374 debet.
1917 4311 1997 4376 Pre-

120 4412 200 4469 sunt
231 4405 360 4485 pietatis
393 4404 511 4487 agitur,
543 4403 616 4486 quis
643 4402 769 4468 dubitet
786 4402 895 4468 Deum
917 4423 976 4467 nos
1029 4424 1140 4468 camur
1164 4400 1401 4466 ardentissimis
1423 4398 1573 4481 precibus
1599 4398 1779 4462 Dominum
1800 4395 1995 4493 utelcmen·

94 4510 207 4568 aurum,
230 4492 285 4570 qui
307 4511 343 4554 os
361 4496 394 4552 et
405 4490 600 4572 sapientiam
622 4492 743 4572 recepit
765 4511 799 4556 se
810 4489 974 4566 daturum,
1029 4498 1079 4552 ter
1111 4498 1144 4551 et
1172 4494 1322 4569 potenter
1352 4505 1430 4548 suos
1454 4493 1595 4559 tueatur,
1625 4482 1682 4546 sed
1710 4502 1763 4545 eos
1788 4482 1996 4562 pot1ssimum

95 4597 190 4640 mnes
201 4573 381 4641 adversarii
400 4596 465 4638 non
477 4576 602 4656 possint
613 4575 853 4641 contradicere?
888 4574 976 4639 Sane
1028 4575 1083 4656 qai
1110 4572 1314 4654 apertissime
1342 4568 1511 4634 Christum
1541 4570 1746 4666 profitentur,
1772 4576 1842 4629 tum
1868 4566 1995 4665 praedi·

94 4673 112 4726 t
134 4671 168 4726 et
194 4661 305 4726 vincet
328 4662 356 4725 si
378 4661 439 4726 hoc
462 4661 596 4725 dederit.
641 4662 777 4727 Utinam
800 4669 868 4724 tam
890 4681 975 4725 esse·
1028 4658 1139 4736 cando,
1169 4665 1238 4721 tum
1270 4654 1439 4733 audiendo,
1472 4663 1509 4718 ut
1541 4652 1688 4717 nonnulh
1716 4660 1794 4716 sunt
1815 4650 1855 4716 de
1877 4652 1994 4734 qmbus

103 4746 203 4812 vicini
221 4747 388 4830 colloquio,
411 4753 444 4810 et
466 4748 577 4810 omnia
599 4754 667 4810 tam
688 4754 797 4812 essent
815 4744 975 4829 expedita,
1028 4746 1166 4810 arbitror
1198 4751 1232 4807 te
1259 4740 1438 4806 audivisse:
1463 4741 1549 4803 inter
1571 4759 1650 4820 quos
1680 4745 1758 4802 sunt
1782 4736 1845 4800 duo
1864 4758 1905 4800 er
1926 4737 1994 4804 illis

94 4856 102 4897 ι
124 4854 238 4898 sumus
268 4833 380 4915 procul
401 4839 435 4897 et
455 4832 613 4915 impedita
629 4840 706 4896 sunt
728 4834 900 4897 omniane
922 4830 977 4894 ha-
1028 4851 1107 4914 quos
1128 4829 1229 4893 miser
1250 4828 1437 4910 profligavit
1464 4825 1620 4907 indignus
1647 4824 1702 4906 qui
1720 4822 1772 4886 vel
1794 4844 1848 4886 eos
1866 4824 1993 4888 intuea-

94 4943 130 4984 ιι.
172 4916 239 4983 Sed
272 4929 350 4983 sunt
383 4919 493 4982 omnia
521 4920 555 4981 in
589 4939 690 4982 manu
713 4918 856 4996 Domini,
879 4939 975 5000 quem
1028 4926 1091 4980 tur.
1134 4914 1264 4996 Aperiat
1285 4913 1333 4976 illi
1357 4912 1515 4975 Dominus
1539 4909 1657 4974 oculos.
1687 4907 1742 4971 Ιιιι
1767 4909 1900 4989 inquam
1929 4907 1993 4973 duo

1027 5001 1115 5066 servi
1140 5000 1273 5075 christi,
1304 4997 1361 5081 qui
1386 4997 1536 5062 ecclesias
1565 4995 1688 5058 habent
1716 5004 1782 5056 tam
1806 4993 1993 5075 frequentes

94 5095 210 5105 '⁸'—
1028 5096 1066 5151 ut
1104 5096 1232 5169 praeter
1266 5082 1429 5150 Caluinam
1457 5090 1588 5163 superet
1616 5101 1719 5156 nomo,
1752 5080 1818 5142 imo
1851 5077 1991 5144 accedat.

107 5211 137 5276 7)
159 5209 369 5268 Nescit.udlrao
392 5210 446 5262 tale
468 5210 629 5278 colloquium
645 5209 701 5260 ium
719 5209 872 5261 institutum
889 5207 977 5270 {uisae
1028 5172 1137 5270 (ιω)
1170 5171 1325 5271 df³b9m¹¹⁸
1353 5189 1407 5233 ⁰⁰⁸
1432 5167 1576 5247 D⁰mi¹¹0
1599 5164 1835 5263 ⁰⁰mmef¹dqr⁰²
1857 5171 1891 5228 ‘ll
1912 5164 1993 5230 “lim

94 5288 146 5334 am
164 5280 291 5333 mouere
308 5278 413 5347 quatem
430 5278 608 5347 Rataspem
623 5277 805 5345 maereant.
1028 5278 1084 5341 qu1
1101 5279 1175 5323 cum
1192 5257 1258 5321 ιιιιι
1284 5253 1435 5320 laborant
1460 5263 1494 5319 ot
1514 5249 1648 5334 plebem.
1693 5250 1863 5332 Srqmdem
1885 5257 1991 5314 totum

106 5364 220 5419 ιιοιι
233 5379 325 5432 aaa.
365 5364 421 5418 vor.
439 5363 522 5419 ιιι.
1755 5351 1788 5405 ιι
