4688 5902
26 416 28 424 >
128 342 191 402 421
1017 340 1257 407 1551111111.
1370 324 1372 327 ’
2078 347 2145 412 111

133 526 266 611 quidem
287 527 351 610 ipsi
378 549 430 593 me
452 548 473 592 a
494 529 635 594 statione
664 530 699 593 in
726 551 791 612 qua
819 529 946 594 utiliter
970 549 1109 611 occupor
1161 529 1312 596 fessionis
1334 546 1367 596 et
1388 552 1565 598 consensus
1586 554 1661 598 cum
1683 533 1800 599 vicinis
1822 531 2010 599 civitatibus
2031 533 2142 601 Saxo·

133 611 333 679 abstractum
357 613 493 680 velletis.
539 612 634 679 Certe
649 616 711 681 nisi
733 614 877 681 levitatis
898 623 1010 680 notam
1031 615 1108 680 sub·
1160 616 1242 681 nicis
1264 617 1372 681 eonati
1393 625 1480 692 sunt,
1507 616 1628 704 nihil(
1688 620 1733 684 tia
1761 619 1805 684 sit
1824 619 1984 695 Domino)
2007 641 2136 703 promo·

133 698 332 776 1151511551,
362 698 459 765 rebus
491 701 539 765 ita
567 700 675 766 dubiis
704 698 897 766 tentandum
930 700 1015 766 nihil
1036 700 1108 765 fuit.
1160 722 1237 766 vere
1259 709 1447 784 potuerunt,
1469 704 1550 786 quin
1573 723 1627 770 ece
1640 705 1726 769 esioe
1744 712 1874 783 nostrae
1891 705 2015 769 maiora
2032 707 2138 788 quoti·

134 784 240 851 Cuius
268 785 318 850 rei
352 807 393 850 ne
417 806 474 850 vos
502 785 600 852 citius
633 807 801 852 monerem
835 807 998 852 remoram
1028 785 1108 851 mihi
1160 785 1213 852 die
1234 787 1437 853 incrementa
1458 796 1604 856 sumunt.

135 870 249 936 iniecit
274 871 315 935 D.
339 870 595 954 111151αηὶ5557)
629 873 685 956 qui
714 873 797 937 forte
826 871 915 953 apud
946 894 1002 938 vos
1032 882 1109 937 ante
1247 872 1293 937 Et
1317 873 1352 937 in
1385 873 1520 940 eeclesia
1542 875 1714 940 Bremensi
1743 874 1805 938 fuit
1832 885 1900 941 tota
1932 874 1993 939 hac
2016 875 2135 960 hyeme

136 978 256 1040 paucos
267 976 395 1022 menses
407 957 552 1022 futurum
570 958 754 1039 scripserat.
784 955 980 1039 Quanquam
998 966 1108 1023 autem
1160 958 1272 1041 gravis
1304 968 1437 1042 propter
1474 981 1543 1024 rem
1572 960 1860 1026 sacramentariam
1893 961 2096 1026 conflictatio.
2111 966 2136 1043 ¹)

137 1054 294 1125 sequutae
315 1050 393 1108 sunt
415 1051 527 1124 postea
548 1042 632 1108 aliae
653 1043 768 1108 literae
791 1064 832 1108 ex
854 1043 972 1125 quibus
994 1043 1109 1108 melior
1161 1043 1248 1108 Nam
1280 1066 1378 1127 quain
1409 1046 1553 1127 corporis
1581 1043 1708 1111 Christi
1736 1046 1951 1128 ubiquitatem
1980 1053 2137 1111 urserunt

135 1150 210 1214 spes
232 1128 357 1210 concipi
376 1138 513 1210 poterat,
537 1129 618 1194 satis
636 1141 745 1194 tamen
763 1150 804 1193 ex
822 1129 951 1194 silentio
962 1128 1109 1193 animad-
1162 1137 1317 1211 pastores,
1347 1151 1419 1195 eam
1447 1131 1649 1216 oppugnavit
1670 1130 1713 1194 D.
1737 1131 1892 1197 ailbertus.
1937 1131 2005 1196 Bes
2026 1138 2137 1215 pasto-

136 1214 223 1281 verti
243 1233 310 1278 non
333 1224 404 1280 5115
425 1214 622 1297 properandi
644 1235 784 1280 eausam.
818 1215 908 1298 Ergo
930 1213 1016 1297 quod
1035 1215 1109 1279 uni-
1162 1236 1236 1279 rum
1259 1215 1455 1282 elamoribus
1478 1227 1671 1299 exasperata
1693 1217 1728 1280 in
1751 1216 1942 1282 seditionem
1988 1237 2137 1300 ropemo·

137 1322 214 1367 cum
237 1299 318 1364 mihi
340 1309 497 1382 superest,
525 1299 681 1384 quidquid
700 1321 744 1366 ex
765 1320 838 1365 mea
859 1301 1006 1366 absentia
1036 1321 1109 1365 sen-
1162 1300 1241 1364 dum
1258 1301 1388 1367 exisset.
1421 1302 1541 1367 Deleta
1551 1302 1920 1368 tandemoontroversia
1938 1239 2136 1369 adWitten·

139 1385 209 1451 titis
238 1385 433 1451 incommodi
460 1406 594 1469 precum
624 1407 772 1450 mearum
801 1385 945 1451 subsidio
971 1406 1110 1469 pensare
1161 1386 1338 1470 bergenses
1372 1388 1483 1465 fuit.²)
1532 1386 1584 1452 Ibi
1620 1386 1791 1470 Philippos
1823 1388 1870 1454 sic
1903 1389 2135 1472 temperavit³)

139 1472 288 1537 conabor.
333 1471 419 1536 Nam
442 1482 475 1536 et
497 1492 536 1537 ea
557 1482 607 1537 est
628 1480 739 1537 vestm
767 1471 918 1537 alacritas
947 1493 1031 1568 qipae
1053 1491 1109 1535 ex·
1161 1473 1359 1537 sententiam
1379 1480 1417 1536 ut
1438 1472 1500 1538 sibi
1522 1472 1563 1539 de
1584 1493 1623 1538 ea
1644 1473 1685 1538 D.
1710 1473 1858 1538 Alterius
1880 1495 1946 1538 non
1966 1481 2134 1556 queratur.

139 1557 362 1622 hortationum
381 1557 523 1623 stimulis
533 1558 668 1623 minime
685 1557 839 1641 indigeat.
874 1557 998 1634 Valete,
1018 1578 1110 1639 prae·
1161 1558 1333 1623 haberant
1354 1558 1534 1623 adversarii
1550 1567 1589 1624 ut
1599 1560 1628 1625 11
1640 1558 1773 1625 civitate
1784 1559 1958 1624 Bremensi
1976 1559 2134 1626 eiiciatur.

136 1642 330 1710 stantissimi
353 1643 497 1720 Domini,
524 1663 585 1709 neo
605 1645 714 1709 minus
735 1665 856 1727 genere
877 1665 974 1726 quam
997 1643 1109 1726 singu·
1161 1641 1229 1709 Sed
1251 1644 1374 1708 frustra
1395 1645 1562 1710 hactenus.
1573 1649 1600 1721 ⁴)
1645 1643 1683 1711 Si
1706 1645 1869 1710 Dominus
1897 1645 2075 1711 fenestram
2089 1644 2136 1710 ibi

137 1729 199 1793 lari
234 1730 353 1811 pietate
382 1728 515 1794 nobiles.
560 1729 725 1795 Dominus
746 1749 805 1795 vos
832 1729 950 1811 spiritu
980 1727 1109 1793 consilii
1161 1727 1304 1811 aliquam
1323 1729 1449 1812 aperire
1472 1729 1672 1815 dignaretur,
1695 1730 1798 1795 maior
1815 1730 2026 1797 ecelesiarum
2044 1736 2136 1796 tran·

112 1822 239 1898 regat,
259 1814 383 1880 invicta
403 1814 595 1880 fortitudine
618 1823 780 1881 sustentet
801 1814 1025 1897 praesidioque
1048 1832 1108 1879 suo
1159 1814 1304 1898 quillitas
1327 1836 1364 1880 ae
1381 1816 1454 1898 pius
1472 1834 1651 1881 consensus
1668 1816 1794 1899 sperari
1805 1824 1923 1899 posset.
1957 1816 2032 1882 Non
2050 1823 2136 1882 esset

136 1908 277 1965 tueatur.
322 1898 479 1965 Genevae
501 1904 530 1965 8.
553 1900 667 1965 Martii
693 1905 783 1964 1557.
1160 1900 1270 1965 forsan
1288 1901 1403 1965 inutile
1426 1900 1454 1964 si
1477 1900 1518 1965 D.
1531 1901 1679 1967 Alterius
1700 1901 1820 1967 vestris
1840 1902 1944 1967 literis
1963 1903 2136 1968 confirma-

221 1984 317 2067 Quod
337 1986 471 2051 senatus
493 1996 605 2053 noster
623 1987 713 2053 vobis
729 2007 797 2051 non
818 1984 1002 2068 respondet,
1024 2003 1108 2050 onus
1160 1993 1253 2051 retur
1263 1994 1297 2050 et
1308 1985 1518 2051 animaretur.
1553 1985 1620 2053 Sed
1638 1987 1700 2053 hoc
1712 1995 1821 2052 vestro
1838 1987 2133 2070 permittoiudioio.

135 2072 356 2138 excusationis
378 2072 412 2136 in
434 2093 487 2136 me
509 2071 640 2154 recepi.x
988 2107 989 2110 ¹
1161 2070 1229 2152 Qui
1252 2072 1339 2136 inter
1360 2079 1505 2154 pastores
1526 2073 1724 2138 Bremenses
1746 2072 1940 2137 vociferator
1956 2073 2021 2137 fnit
2042 2093 2134 2156 prae-
2236 2110 2238 2113 ·

1161 2157 1285 2239 cipuus,
1315 2177 1432 2240 nempe
1462 2165 1558 2222 autor
1585 2157 1642 2223 ills
1662 2158 1714 2223 Fa
1793 2159 1854 2222 'nis
1876 2158 1922 2222 Io.
1949 2159 2134 2237 Timoneas,

1161 2242 1281 2307 erivis
1303 2243 1452 2308 excessit.
1463 2245 1491 2323 ⁵)
1526 2243 1622 2310 Nunc
1639 2244 1743 2309 maior
1760 2243 1849 2308 ilius
1867 2243 2023 2309 ecclesiae
2041 2254 2132 2309 tran·

1161 2327 1306 2411 quillitas
1329 2328 1499 2412 speranda.

691 2208 831 2274 Ioannes
853 2208 1022 2274 Caluinus.

1247 2500 1298 2563 De
1320 2500 1518 2582 profectione
1546 2499 1693 2582 polonica
1715 2500 1757 2563 D.
1779 2519 1801 2564 5
1824 2499 1973 2586 1155550)
2002 2502 2029 2565 si
2059 2521 2132 2566 eam

1160 2586 1244 2650 forte
1266 2585 1407 2669 ignoras,
1435 2606 1475 2649 ex
1498 2585 1602 2650 literis
1624 2585 1670 2650 Io.
1692 2581 1861 2665 Ucennii,
1888 2604 1967 2668 quas
1989 2585 2133 2652 Wratis·

1160 2670 1267 2735 lasiae
1295 2671 1425 2754 scripsit
1454 2669 1496 2735 ad
1525 2691 1592 2749 me,
1621 2670 1820 2734 humanitati
1851 2679 1927 2735 tuae
1957 2692 2130 2754 exponam.

1160 2756 1214 2820 Ita
1235 2762 1347 2820 autem
1369 2754 1497 2821 scribit:
1520 2756 1720 2821 Humaniter
1741 2776 1841 2838 supra
1858 2777 1987 2820 omnem
1999 2777 2133 2841 exspec-

569 2806 670 2908 ²⁶⁰³?
1161 2842 1320 2906 tationem
1331 2842 1581 2927 Wittenbergae
1599 2841 1727 2924 excepti
1744 2843 1876 2906 fuimus.
1907 2842 1948 2907 D.
1962 2841 2133 2924 Philippica

322 2958 583 3027 MIORONIUS
601 2959 918 3027 BULLINGERQ
1160 2926 1316 3027 invitavit
1343 2925 1508 3026 dominum
1541 2927 1582 2992 ad
1610 2926 1783 3026 quandam·
1809 2926 1974 3027 publicam
2003 2928 2132 3028 ordina-

1161 3021 1283 3077 tionem
1312 3020 1537 3077 ministrcrum
1566 3020 1663 3096 atque
1691 3032 1879 3079 convivium
1901 3010 2132 3093 academicum,

219 3133 264 3197 Et
288 3132 338 3197 pa
361 3134 440 3197 ,qm
468 3137 495 3196 ,q
517 3131 693 3196 Mem·
722 3133 756 3195 5„
786 3132 925 3198 doma
951 3133 990 3197 de
1058 3151 1108 3197 W
1149 3097 1257 3180 ¹idque
1280 3099 1412 3163 nomine
1433 3098 1535 3181 ipsius
1553 3098 1785 3164 universitatis.
1829 3097 1957 3163 Verum
1980 3109 2049 3164 tum
2071 3099 2132 3164 tri-

132 3222 210 3287 mi·
333 3153 393 3281 Pis
408 3216 526 3284 Cim·
568 3217 791 3282 emmam,-
812 3219 970 3283 mmm
988 3153 1099 3283 „gant
1160 3183 1224 3248 duo
1246 3183 1291 3247 ibi
1313 3183 1533 3261 haeseramus,
1557 3205 1662 3266 neque
1684 3184 1733 3249 fas
1755 3190 1825 3249 erat
1842 3181 1974 3248 domino
1996 3185 2131 3250 haerere

135 3241 233 3371 M?
243 3239 428 3369 mim
455 3239 593 3368 13„anoe
620 3322 735 3384 mm,
764 3305 954 3383 conflictatio·
985 3303 1109 3369 Lam
1159 3268 1291 3333 diutius.
1337 3268 1420 3368 Inde
1450 3269 1550 3335 etiam
1578 3269 1673 3369 facilc
1702 3268 1813 3335 videre
1840 3279 1905 3346 est,
1940 3269 2132 3368 praecipuos

142 3391 376 3471 symma,
397 3389 559 3469 annesae
581 3393 723 3469 emptus
740 3391 807 3453 iam
824 3388 989 3454 molum
1009 3394 1053 3452 333
1074 3390 1108 3452 4„
1160 3375 1303 3437 quosque
1324 3375 1394 3419 eius
1416 3354 1601 3420 academiae
1612 3376 1701 3421 viros
1723 3376 1743 3419 a
1764 3360 1876 3420 nostra
1897 3353 2044 3419 doctrina
2065 3376 2132 3420 non

136 3478 281 3555 polonia,
310 3477 364 3540 ab,
385 3475 503 3558 lew„
526 3474 684 3556 pontificis
705 3476 829 3538 maia
856 3475 953 3539 mm
986 3473 1108 3554 frum
1160 3462 1232 3505 esse
1266 3439 1406 3505 alienos:
1440 3441 1520 3524 quin
1551 3441 1659 3540 potins
1691 3440 1909 3539 certissimum
1938 3449 1990 3505 eat
2018 3461 2131 3540 omnes

132 3563 261 3627 artare
282 3563 391 3626 studet,
1159 3547 1230 3591 esse
1258 3530 1397 3603 nostros,
1428 3525 1488 3591 hoc
1519 3536 1616 3590 etiam
1645 3533 1848 3591 contestante
1878 3545 1947 3607 ipsc
1972 3526 2129 3609 Pbclsppo,

1159 3611 1215 3694 qui
1237 3612 1317 3693 ipse,
1345 3612 1400 3677 ubi
1429 3610 1596 3676 dominum
1625 3610 1666 3674 ad
1688 3632 1781 3675 snam
1804 3611 2053 3693 praelectionem
2075 3614 2130 3677 de-

217 3735 345 3801 (nentur
363 3735 390 3785 in
410 3731 527 3783 mgni
546 3732 622 3784 eant
642 3746 704 3798 099,
723 3728 782 3782 Res.
801 3729 833 3781 N,
853 3727 895 3797 85,
913 3748 940 3799 p.
960 3729 1029 3791 399.)
1160 3697 1316 3796 dunisset,
1343 3697 1558 3795 honorificam
1578 3698 1654 3796 eius·
1669 3698 1868 3796 mentionem
1899 3698 1933 3795 in
1957 3718 2016 3762 sua
2037 3719 2131 3780 prae·

1157 3781 1296 3848 lectione
1318 3781 1466 3859 faciebat,
1500 3783 1624 3864 sibique
1646 3803 1680 3845 in
1702 3782 1791 3846 illius
1825 3790 1964 3865 gratiam
1988 3783 2130 3865 praelec-

219 3904 256 3970 8.
281 3905 317 3968 Ρ,
363 3903 436 3967 Non
459 3921 512 3966 mo
541 3902 633 3984 fugit,
664 3900 898 3964 humanissimo
920 3903 973 3965 vir
1001 3911 1034 3964 et
1055 3922 1106 3966 00,
1159 3870 1281 3968 tionem
1304 3865 1561 3932 contrahendam
1585 3888 1655 3932 esse
1678 3868 1795 3942 aiebat,
1828 3877 1867 3932 ut
1888 3867 2021 3932 liberior
2042 3868 2130 3933 inter

133 3993 253 4057 clasiae
276 3989 339 4053 Dei
361 3991 499 4052 antistes
521 3986 779 4070 vigilantissime,
802 3986 860 4050 tibi
880 4008 937 4068 pro
960 3995 1017 4051 tua
1038 3987 1105 4068 pie·
1158 3975 1245 4052 ¹P⁸⁰.⁸
1278 3950 1480 4035 ⁰⁰l¹⁰q¹¹⁰¹¹di
1515 3952 1648 4050 daretur
1686 3953 1833 4052 falullffi·
1887 3952 1964 4051 19⁸⁰
2001 3974 2128 4052 9¹¹⁰q¹l⁰

133 4087 203 4142 ΜΘ
237 4086 366 4160 gratum
402 4095 472 4138 esse
511 4080 695 4137 nostrarum
737 4071 945 4137 eeclesiarum
983 4083 1105 4136 statum
1159 4040 1295 4104 subinde
1319 4050 1415 4103 antea
1435 4049 1628 4103 meminerat
1657 4036 1780 4101 domini
1803 4039 1982 4104 honorifice
2003 4061 2037 4102 in
2061 4060 2129 4104 11111

132 4182 338 4246 cognoscere.
371 4160 489 4225 Paucis
506 4160 607 4242 igitur
625 4179 694 4222 rem
712 4179 841 4223 omnem
861 4159 978 4240 accipe.
1013 4158 1106 4223 Inter
1157 4125 1437 4207 praeleftiffiibub
1467 4145 1527 4189 ¹¹³⁰
1555 4145 1621 4240 ΠΨ
1652 4123 1751 4188 ‘mam
1780 4124 1822 4187 D·
1848 4121 1981 4189 calm·
2034 4124 2139 4190 WssSl‘

132 4247 260 4312 medios
283 4246 392 4310 hostes
414 4246 504 4309 salva
527 4244 633 4309 adhuc
655 4243 766 4308 divino
784 4243 939 4307 beneficio
956 4243 1106 4308 consistit
1159 4283 1361 4289 —————

132 4333 342 4398 ecclesiarum
366 4342 551 4429 nostrarum
574 4330 802 4428 tranquillitas,
830 4350 1015 4428 quamnnon
1038 4339 1105 4428 tam
1158 4364 1291 4425 moal)
1312 4363 1356 4416 D,
1381 4380 1436 4432 quc
1463 4380 1487 4416 υ,
1515 4362 1679 4418 planem
1705 4361 1737 4414 v.
1761 4362 1791 4423 2,
1815 4379 1843 4430 p.
1868 4361 1917 4414 133
1940 4377 1984 4425 n,
2014 4361 2128 4431 smol,

131 4420 282 4502 papistae
306 4438 401 4499 quain
425 4417 565 4482 carnalis
594 4426 796 4497 praesentiae
816 4434 959 4496 corporis
981 4414 1106 4480 Christi
1158 4434 1300 4488 Harmas,
1327 4430 1437 4485 15111,
1485 4431 1658 4486 0111111οΜ111
1683 4430 1811 4498 pmice
1842 4429 1972 4484 Timavum·
1989 4431 2128 4500 ,gamm

105 4516 110 4527 ’·
130 4517 394 4601 propugnatores
412 4503 514 4567 multo
532 4502 636 4585 niagis
655 4500 845 4583 perturbare
855 4508 1024 4578 conantur,
1047 4499 1106 4564 ho·
1158 4499 1498 4557 5155515111111115115
1534 4497 2127 4632 1511151511512183131111515155155515.

131 4610 265 4655 minum
287 4609 391 4672 genus
412 4589 448 4652 in
471 4587 532 4651 hac
554 4585 719 4650 doctrinae
748 4607 826 4650 suae
848 4597 941 4668 parte
962 4587 1105 4668 pertins-
1260 4569 1290 4703 {3
1309 4541 1540 4705 ffifflalffi·
1558 4567 1623 4690 (2⁸ss
1646 4568 1786 4690 jssffibffl
1813 4635 1918 4703 ,mm
1946 4635 2040 4704 (eorp.
2062 4636 2127 4702 Res·

132 4675 313 4773 eissimum,
342 4674 427 4755 qu⁰d
450 4671 1105 4773 9111118ἿΠθΠΊῙῘῙῖθῗθῨῨῘΟἎῩῘΒΠΗῩΡΘΓῘ
1157 4707 1208 4760 IX.
1228 4706 1274 4771 15)
1298 4707 1327 4759 i'n
1348 4723 1404 4774 qun
1425 4706 1463 4759 od
1480 4707 1551 4774 Aac.
1571 4704 1649 4767 Oonf.
1665 4720 1819 4773 5155555111
1841 4711 1942 4757 515511.Ι
1966 4706 2028 4758 dass
2051 4705 2127 4758 nieht

130 4781 256 4843 apionis
278 4770 479 4843 argumentis
498 4758 539 4822 ad
558 4758 813 4823 moderationem
832 4757 973 4838 ahqusm
994 4757 1107 4823 induci
1158 4776 1261 4828 11111151
1279 4775 1481 4894 511515111151151
1505 4775 1533 4827 in
1556 4774 1649 4827 5111111
1666 4774 1772 4826 Artius
1794 4778 1922 4842 gemengt
1945 4774 2060 4827 1511111111
2080 4774 2126 4826 51-

133 4856 255 4930 pooegt,
306 4845 373 4911 Sed
407 4847 566 4912 hactenus
599 4844 756 4908 adversus
787 4850 917 4906 nostras
945 4843 1105 4921 melesius,
1158 4844 1333 4896 seheideutlic
1369 4844 1413 4895 die
1431 4842 1615 4923 gewdhuliche
1632 4843 1714 4895 Form
1732 4859 1765 4894 ru
1783 4843 1864 4895 reden
1884 4841 2009 4923 behelten
2028 4842 2128 4897 werde.

131 4933 263 4999 etiamsi
299 4931 331 4996 id
365 4933 455 4996 varie
489 4931 549 4995 sub
583 4937 754 5012 praetextu
789 4930 1001 5011 Augustanae
1030 4948 1105 4993 oon·
1158 4981 1222 5034 Har
1224 4910 1291 5035 ὦ
1294 4911 1506 5034 ef'mffi‘
1509 4909 1706 5046 agema}
1705 4917 2005 5033 {2²5⁰m222ffiffi
2013 4926 2039 4964 ⁰·
2058 4908 2126 4962 ¹⁵⁶¹

274 5090 341 5097 ,,,...
1260 5049 1290 5113 5)
1329 5046 2128 5117 ,15115155151111115111111111551115.(5151111

953 5160 958 5174 .
1064 5172 1065 5175 ,
1157 5120 1187 5172 in
1206 5118 1288 5172 Hera.
1300 5117 1412 5186 Eccyel.
1432 5117 1462 5171 T.
1474 5117 1565 5183 XXI.)
1602 5116 1784 5171 descensorem
1802 5123 1891 5170 tomen
1908 5118 2003 5172 babuit
2019 5132 2048 5169 se
2065 5118 2128 5184 ipso

238 5187 267 5256 7)
288 5189 472 5242 &amtorem
498 5184 556 5240 eius
577 5186 718 5253 epistolem
741 5184 779 5240 ad
801 5183 943 5239 0515151115
966 5200 1048 5254 quom
1065 5184 1104 5240 N.
1129 5190 1135 5306 ι
1153 5187 1349 5321 115511ωὲ5155
1366 5187 1422 5239 scit
1439 5186 1574 5250 famosum
1590 5186 1667 5240 illam
1689 5184 1741 5239 Til.
1758 5185 1933 5239 Heabitaiusi.

127 5258 202 5316 2431
221 5274 278 5312 non
293 5258 429 5312 babemus.
1310 5254 1346 5309 N.
1363 5253 1440 5307 2555.
1869 5337 1922 5391 27·
