4778 5888
150 338 211 413 ³63
974 331 1203 400 arlsroha
1225 334 1308 395 aeta
2078 331 2143 393 364

150 526 233 592 ieoto
256 533 333 592 sunt
350 523 444 588 valde
466 520 569 600 stulti,
591 543 691 603 quum
710 519 794 585 nihil
817 521 884 585 fere
905 522 946 585 ab
968 519 1119 585 omnibus
1143 543 1146 645 q
1170 518 1267 584 dubio
1290 540 1355 584 uon
1378 516 1549 584 credimus.
1593 515 1659 583 Sed
1690 529 1800 583 tamen
1829 518 1856 583 si
1886 518 1932 583 ita
1959 528 2053 594 esset,
2085 540 2146 583 vos

150 618 379 695 praeterquam
410 607 499 683 odia,
534 606 696 688 vituperia
723 614 756 669 et
788 627 950 671 summam
981 625 1119 688 pauper·
1170 603 1335 670 debebatis
1357 612 1529 687 expectare
1550 623 1683 687 parum,
1711 610 1744 667 et
1772 604 1905 685 propius
1934 625 2002 668 rem
2034 606 2146 686 ipsam

151 705 261 773 tatem,
291 706 324 758 et
346 716 458 759 omnes
485 692 554 757 fere
576 691 723 772 miserias
743 711 802 773 pro
830 692 897 766 suis
925 690 1119 756 clamoribus
1170 701 1204 755 et
1224 712 1311 755 nova
1338 688 1395 754 illa
1417 689 1594 754 autetiam
1621 691 1742 771 scripta
1768 691 1966 767 examinare,
1997 703 2030 755 et
2052 709 2146 754 oom-

151 788 326 866 reportent
1144 795 1146 825 ο
1169 777 1337 841 manicare
1365 775 1443 840 viris
1465 775 1520 856 qui
1545 775 1710 840 habebant
1738 773 1859 856 aliquid
1888 773 2007 841 iudicii.
2055 773 2148 856 Quia

236 866 363 930 Verum
380 863 467 929 enim
486 883 563 929 vero
580 860 620 928 de
643 883 726 943 aqua
745 862 920 938 benedicta,
943 882 1039 943 quam
1057 862 1119 945 ipsi
1144 835 1146 911 l
1170 883 1229 926 vos
1251 861 1342 928 scitis
1364 860 1449 943 quod
1471 860 1692 937 eredulitates,
1721 859 1804 924 sieut
1834 875 1866 925 et
1893 860 2148 926 incredulitates

153 955 251 1018 etiam
270 949 427 1024 derident,
446 970 552 1013 raram
572 947 677 1013 facitis
696 949 902 1012 mentionem.
940 947 1120 1030 Allegastis
1143 917 1147 985 l
1193 946 1382 1012 erdiderunt
1405 947 1524 1011 multos
1548 946 1643 1025 viros,
1673 955 1708 1011 ut
1731 966 1806 1011 vere
1836 946 1943 1028 inquit
1964 945 2145 1012 Hesiodus.

152 1040 234 1103 boue
249 1034 471 1100 Alexandrum
482 1034 537 1116 qui
549 1032 651 1097 edidit
669 1053 825 1099 canonem
838 1031 877 1097 de
891 1034 923 1096 vi
941 1045 973 1097 et
987 1033 1120 1115 energia
1143 990 1146 1142 Ι
1170 969 1238 1098 bed
1248 1053 1306 1114 pro
1318 1034 1381 1096 ista
1390 1032 1534 1108 materia,
1547 1053 1607 1097 vos
1618 1031 1765 1113 poteritis
1777 1030 1897 1114 aliquid
1907 1031 2035 1097 addere.
2057 1033 2147 1097 Nam

152 1143 255 1206 aquae
274 1121 463 1186 benedictae
481 1129 514 1182 et
532 1118 638 1184 dicitis
656 1139 727 1183 eam
746 1118 945 1183 authoritate
955 1119 1119 1183 Ecclesiae
1144 1151 1147 1224 4
1169 1119 1249 1185 certi
1271 1138 1385 1183 sumus
1402 1138 1461 1181 vos
1484 1138 1549 1181 non
1571 1117 1718 1182 omisisse
1740 1116 1821 1181 illud
1841 1116 1967 1184 defectu
1982 1120 2147 1202 responsi,

152 1209 264 1274 haberi
283 1227 340 1289 pro
353 1204 495 1270 amuleto
506 1204 664 1269 adversus
682 1203 857 1268 diabolicas
876 1204 1018 1280 insidias.
1053 1201 1120 1268 Sed
1144 1232 1147 1263 ι
1170 1204 1226 1270 sed
1249 1204 1358 1285 aliqua
1376 1223 1472 1267 causa
1491 1203 1596 1268 movit
1616 1201 1868 1267 intellectualem
1891 1212 1924 1266 et
1945 1203 2147 1286 profundam

153 1295 214 1359 hoc
235 1293 340 1357 facitis
363 1290 504 1355 breviter
525 1298 560 1354 et
580 1290 670 1371 quasi
692 1310 751 1372 per
773 1298 1000 1368 transennam,
1031 1289 1121 1354 velut
1144 1272 1147 1398 l
1170 1288 1455 1354 rationabilitatem
1477 1298 1627 1365 vestram,
1648 1309 1745 1370 quam
1768 1289 1850 1352 forte
1871 1288 2071 1371 ignoramus.

153 1379 239 1443 aliud
253 1399 361 1462 egens.
381 1376 450 1440 Cur
461 1397 526 1439 uon
538 1377 609 1440 sitis
620 1390 833 1457 prosequutus
845 1375 905 1440 hoc
917 1375 1148 1499 propositum*
1256 1373 1352 1454 Quod
1378 1373 1419 1438 ad
1452 1395 1583 1439 eausam
1605 1374 1805 1438 matrimonii
1837 1369 2052 1452 sacerdotum,
2086 1397 2148 1441 vos

152 1465 260 1540 latius,
279 1462 368 1526 valde
379 1461 490 1525 mirati
502 1481 623 1538 sumus,
641 1482 742 1542 quum
752 1461 788 1524 in
800 1460 936 1525 caeteris
948 1461 1119 1542 plusquam
1144 1501 1147 1560 ἦ
1170 1481 1241 1525 eam
1264 1457 1370 1524 adhue
1392 1459 1499 1524 aerius
1520 1469 1553 1523 et
1570 1458 1698 1524 virilius
1720 1462 1882 1524 sustinere
1900 1458 2086 1525 debueratis
2111 1462 2148 1526 in

153 1551 300 1633 copiosus
323 1548 403 1613 sitis.
449 1550 498 1610 Au
520 1545 592 1610 ideo
613 1546 733 1611 factum
757 1558 815 1623 est,
838 1545 925 1628 quod
947 1545 1121 1628 aliquando
1170 1545 1232 1611 hae
1254 1554 1364 1610 vestra
1386 1543 1598 1621 traductione,
1622 1566 1718 1626 quam
1741 1546 1776 1609 in
1794 1546 1898 1626 primo
1917 1558 2025 1610 vestro
2047 1546 2147 1611 libro.

154 1656 220 1699 non
239 1634 387 1716 potuistis
410 1633 525 1696 eiicere
555 1651 628 1695 eum
651 1651 734 1712 aqua
757 1631 926 1697 benedicta
947 1629 1120 1709 diabolum,
1171 1631 1255 1696 Nam
1286 1640 1352 1695 tota
1379 1631 1588 1695 vehementia
1615 1630 1804 1713 principalis
1834 1651 1962 1712 semper
1994 1645 2045 1696 est
2074 1654 2148 1698 ser·

155 1721 208 1803 qui
230 1722 411 1784 intraverat
432 1718 466 1781 in
490 1737 606 1799 eorpus
625 1716 774 1794 hominis,
797 1738 891 1800 quem
911 1717 1035 1782 scilieet
1052 1716 1120 1780 dia·
1173 1716 1280 1781 venda
1298 1736 1356 1799 pro
1374 1716 1505 1798 replica,
1522 1717 1643 1780 utiam
1661 1715 1739 1780 alibi
1758 1715 1907 1780 diximus.
1942 1717 2012 1780 Vos
2031 1725 2148 1782 autem

154 1806 274 1878 bolum,
298 1825 356 1868 vos
378 1805 547 1867 coniurare
569 1813 602 1864 et
624 1803 809 1867 exorcizare
832 1802 1002 1867 voluistis?
1047 1802 1120 1866 Non
1145 1849 1148 1898 ⁸
1171 1802 1295 1868 fecistis
1316 1802 1532 1867 contrarium:
1564 1801 1639 1884 quia
1660 1801 1695 1865 in
1718 1802 1823 1883 primo
1845 1800 1928 1866 libro
1949 1822 2010 1867 vos
2033 1804 2149 1870 invec-

153 1901 279 1975 0portet
302 1911 357 1954 vos
376 1901 546 1970 propterea
564 1889 673 1951 miuus
696 1889 838 1952 tribuere
856 1889 972 1951 virtuti
990 1899 1122 1952 sanetae
1173 1887 1363 1952 tivabamini
1396 1887 1542 1969 graviter
1570 1895 1683 1952 eontra
1711 1887 1784 1951 illos
1813 1887 1921 1952 hostes
1954 1887 2149 1966 coelibatus,

154 1998 265 2059 aquae,
299 1996 358 2039 uec
387 1975 498 2038 venire
528 1975 563 2037 in
597 1974 695 2036 ullam
725 1971 958 2038 dubitationem
982 1971 1021 2037 de
1052 1975 1122 2037 eius
1173 1986 1205 2037 et
1226 1972 1424 2038 frendebatis
1447 1983 1485 2037 ut
1512 1971 1571 2050 leo,
1600 1972 1635 2037 in
1664 1972 1726 2038 isto
1749 1993 1826 2037 vero
1849 1971 2006 2037 videmini
2039 1975 2150 2041 faetus

154 2071 320 2147 potestate.
361 2058 448 2139 Quia
470 2079 526 2124 vos
549 2059 637 2123 scitis
660 2059 756 2122 aliam
779 2059 879 2123 fuisse
901 2080 1042 2136 eausam,
1065 2080 1123 2122 our
1173 2080 1243 2123 esse
1266 2079 1398 2130 cervus,
1429 2058 1485 2141 qui
1507 2065 1635 2122 tantum
1659 2057 1730 2121 vult
1752 2057 1915 2123 declinare
1936 2059 2021 2125 ictus
2043 2082 2149 2127 vena·

155 2169 221 2212 nou
254 2145 425 2229 potueritis
458 2144 649 2208 daemonem
689 2145 814 2209 chaere.
871 2142 966 2223 Quod
999 2144 1123 2209 scilicet
1172 2145 1260 2210 toris.
1296 2142 1423 2209 Verum
1447 2151 1497 2208 est
1525 2141 1608 2226 quod
1637 2143 1742 2209 iaoitis
1770 2164 1898 2226 semper
1924 2146 2034 2226 aliqua
2060 2146 2148 2211 tela:

155 2255 222 2298 non
244 2231 357 2297 essetis
381 2232 413 2293 in
436 2230 519 2294 bono
542 2242 638 2294 statu.
673 2228 767 2295 Sicut
788 2229 887 2293 etiam
910 2229 1047 2294 daemon
1066 2229 1123 2295 ille
1174 2229 1231 2295 sed
1253 2236 1331 2293 sunt
1351 2228 1471 2295 debilia
1492 2237 1525 2292 et
1552 2238 1663 2294 retusa
1683 2240 1717 2292 et
1739 2248 1805 2294 non
1834 2231 1913 2294 satis
1936 2229 2063 2296 faciunt
2087 2255 2149 2315 pro

154 2318 245 2385 vobis
273 2315 500 2400 exprobravit,
529 2313 613 2396 quod
630 2314 818 2379 'cubueratis
847 2314 905 2379 illa
927 2325 1021 2380 nocte
1048 2337 1121 2380 cum
1174 2315 1395 2398 pacificatione
1417 2314 1702 2391 conscientiarum,
1731 2335 1789 2397 pro
1819 2336 1881 2396 qua
1910 2335 2042 2398 semper
2069 2318 2151 2383 boni

155 2426 221 2469 una
243 2402 422 2467 meretrice.
469 2401 513 2464 Et
534 2412 614 2464 tuuc
637 2399 792 2464 volebatis
818 2400 922 2465 faeere
945 2401 1050 2481 ipsum
1075 2413 1123 2463 ta·
1173 2401 1315 2482 theologi
1338 2400 1470 2464 studere
1492 2398 1626 2475 debent,
1656 2421 1711 2465 vos
1740 2411 1848 2465 autem
1877 2423 1941 2464 non
1972 2403 2150 2468 intenditis

155 2511 236 2562 aare,
256 2486 312 2552 sed
332 2487 444 2550 noluit.
480 2483 576 2550 Unde
598 2485 698 2550 eoacti
718 2484 965 2562 estisreeedere,
987 2498 1020 2549 et
1037 2486 1122 2550 nihil
1174 2488 1240 2551 fere
1269 2485 1332 2550 uisi
1362 2484 1403 2550 ad
1430 2485 1612 2550 feriendum
1644 2486 1768 2551 hostem
1803 2501 1860 2550 aut
1889 2487 2148 2554 vulnerandum.

101 2606 104 2610 “
154 2575 285 2640 fecistis.
320 2573 364 2637 Et
383 2571 461 2636 hino
483 2577 638 2651 sequutus
655 2580 855 2653 estmagnus
873 2571 958 2635 risus
980 2572 1015 2635 in
1032 2572 1123 2636 ouria
1174 2571 1351 2638 Debebatis
1373 2570 1543 2637 ostendere
1565 2572 1598 2635 in
1622 2582 1772 2654 promptu
1794 2572 1955 2654 quomodo
1973 2577 2150 2655 responsio

155 2661 267 2744 Regis,
295 2679 391 2740 quam
414 2664 494 2721 tune
515 2654 744 2738 sequebamini.
789 2654 856 2721 Sed
878 2656 974 2739 eulpa
995 2657 1122 2721 eratin
1172 2657 1363 2740 Paphnutii,
1385 2676 1482 2738 quam
1504 2657 1581 2721 feeit
1600 2657 1634 2720 in
1658 2657 1781 2722 Nicena
1802 2657 1935 2740 synodo,
1959 2658 2044 2723 nihil
2067 2660 2151 2727 facit

156 2746 255 2812 vobis.
289 2742 445 2823 Quiavos
463 2739 628 2807 debebatis
644 2744 734 2823 prius
751 2761 822 2806 esso
835 2752 1047 2825 praeparatus
1065 2765 1123 2825 per
1146 2763 1150 2833 l
1174 2743 1215 2808 ad
1241 2755 1352 2808 nostra
1381 2754 1535 2824 tempora,
1565 2742 1641 2806 item
1670 2764 1747 2806 num
1771 2743 1925 2808 castiores
1951 2744 2020 2809 sint
2048 2746 2150 2812 hodie

156 2830 395 2915 poenitentiam,
413 2827 644 2892 confessionem
658 2835 691 2891 et
703 2825 844 2891 debitam
860 2828 1120 2893 satisfactionem.
1146 2835 1149 2900 l
1175 2829 1364 2912 presbyteri,
1383 2849 1481 2910 quam
1493 2828 1681 2910 antiquitus.
1718 2828 1811 2903 Item,
1830 2829 1987 2910 quomodo
2006 2848 2151 2912 possunt

242 2916 293 2980 De
311 2934 407 2979 causa
425 2912 606 2995 principali,
623 2922 865 2994 propterquam
878 2913 1035 2978 Calvinus
1054 2923 1120 2978 tam
1146 2908 1149 3007 l
1175 2915 1322 2978 homines
1344 2936 1379 2979 se
1401 2921 1544 2978 castrare
1572 2925 1704 2997 propter
1731 2935 1868 2997 regnum
1899 2915 2084 2980 coelorum:
2117 2932 2151 2982 et

156 3001 241 3067 male
265 3021 323 3064 vos
345 3008 542 3062 tractaverat
564 2997 646 3062 uihil
668 2998 735 3062 lere
750 2996 871 3083 dicitis.
918 2998 1050 3081 Nempe,
1081 2999 1121 3063 de
1174 3023 1217 3065 an
1249 3001 1308 3064 hoo
1336 3000 1379 3063 sit
1407 3001 1439 3062 in
1470 3020 1580 3063 eorum
1609 3009 1776 3079 potestate.
1821 2999 1891 3064 Gur
1913 2998 2010 3066 hodie
2033 3005 2149 3085 potius

156 3086 328 3171 postulatis
356 3082 397 3146 ad
419 3083 566 3161 interim,
600 3093 631 3147 et
660 3086 731 3165 quis
762 3083 852 3149 vobis
879 3085 949 3166 ipsa
978 3084 1120 3162 dederat,
1172 3085 1373 3169 permittitur
1390 3084 1550 3150 sacerdoti
1573 3084 1692 3150 hahere
1708 3085 1929 3163 concubinam,
1952 3107 2150 3168 quamuxo-

158 3195 200 3238 an
223 3169 377 3238 carebant
398 3169 533 3234 authore
557 3168 607 3232 vel
630 3190 705 3233 non.
739 3167 821 3244 Quia
841 3169 1122 3253 praesupponebat
1173 3192 1258 3235 rem:
1282 3183 1315 3234 et
1336 3191 1393 3234 eur
1417 3169 1477 3235 hoe
1499 3170 1630 3254 gravius
1653 3179 1818 3251 peecatum
1843 3192 1940 3253 quam
1962 3171 2044 3236 illud
2069 3194 2151 3240 oen-

157 3258 298 3340 aliquem
318 3257 525 3336 impostorem
549 3253 598 3317 vel
622 3266 840 3337 ‹rompotorem
861 3255 1033 3320 fabricasse
1056 3256 1120 3331 illa,
1173 3265 1290 3322 seatur.
1327 3254 1396 3320 Gur
1419 3275 1483 3319 non
1507 3256 1551 3320 eit
1574 3273 1639 3319 tam
1661 3255 1874 3338 periculosum
1898 3256 2025 3339 replere
2047 3280 2150 3324 mun·
2223 3291 2225 3294 ·

157 3338 388 3408 addicendum
408 3338 528 3423 aliquid
548 3340 632 3415 novi,
658 3351 694 3404 ut
716 3340 836 3405 faceret
857 3340 946 3423 loqui
963 3341 1121 3407 homines.
1173 3341 1250 3407 dum
1278 3342 1397 3424 spuriis
1420 3361 1518 3422 quam
1541 3341 1616 3405 filiis
1643 3341 1807 3424 legitimis.
1843 3340 2015 3422 Quomodo
2034 3366 2151 3411 sacer-

157 3428 252 3494 Siout
275 3425 421 3491 videmus
450 3424 591 3508 quotidie
614 3425 733 3490 multos
763 3425 935 3490 redeuntes
962 3448 1002 3490 ex
1024 3427 1122 3491 Italia
1172 3426 1229 3493 dos
1251 3438 1408 3493 uxoratus
1431 3427 1473 3490 sit
1494 3448 1622 3509 semper
1643 3427 1679 3491 in
1701 3440 1831 3509 peceato
1853 3430 1994 3504 mortali,
2024 3449 2150 3497 eoncu-

150 3514 208 3579 rel
242 3511 435 3587 Germania,
470 3511 629 3576 seminare
664 3511 765 3574 multa
798 3531 897 3588 nova,
931 3535 1012 3594 queo
1045 3521 1122 3577 suut
1172 3513 1317 3579 binarius
1341 3534 1417 3577 vero
1439 3534 1514 3576 non.
1551 3509 1647 3592 Quod
1679 3512 1733 3576 illa
1761 3514 1924 3578 sententia
1947 3514 2066 3580 melius
2098 3526 2151 3583 est

155 3599 246 3675 falsa,
280 3608 313 3661 et
342 3596 462 3662 frustra
492 3596 683 3679 perturbant
706 3596 833 3673 multos,
867 3597 918 3661 vel
948 3599 1121 3675 concitant,
1172 3597 1295 3664 nubere
1316 3619 1414 3680 quam
1437 3599 1497 3676 uri,
1527 3619 1592 3663 uon
1616 3598 1777 3678 pertineat
1798 3598 1840 3662 ad
1867 3599 2060 3679 sacerdotes,
2092 3604 2151 3686 qui

155 3683 327 3768 praecipue
349 3683 384 3744 in
406 3683 466 3746 hae
489 3682 620 3745 civitate
638 3682 826 3758 Parisiensi,
850 3683 906 3747 ubi
928 3705 993 3747 non
1016 3684 1121 3748 solum
1172 3683 1291 3749 debent
1320 3704 1390 3749 esse
1412 3684 1553 3749 castrati.
1598 3683 1759 3748 Finaliter
1788 3683 2053 3767 respondendum
2077 3697 2151 3752 erat

154 3768 330 3854 plebecula,
360 3767 416 3831 sed
438 3766 532 3831 multi
557 3768 640 3830 inter
661 3767 778 3831 divites
802 3780 833 3831 et
856 3770 990 3850 grandis
1017 3778 1122 3834 status
1173 3770 1212 3834 de
1246 3776 1366 3852 puncto
1398 3768 1438 3833 ad
1476 3776 1631 3850 punctum
1665 3769 1704 3832 ad
1737 3769 1862 3834 obieeta
1893 3770 2148 3838 haereticorum.

155 3857 243 3920 viros
266 3863 343 3919 sunt
365 3853 443 3917 satis
465 3853 553 3917 leves
576 3865 607 3914 et
630 3852 761 3917 creduli.
807 3854 848 3916 Et
873 3865 957 3917 certe
982 3855 1122 3918 retinent
1173 3855 1258 3919 Nam
1282 3855 1361 3919 haec
1383 3855 1520 3918 materia
1548 3867 1599 3919 est
1620 3854 1715 3919 valde
1744 3855 1877 3933 lubrica,
1909 3869 1945 3919 ut
1974 3857 2085 3924 scitis:
2118 3871 2152 3924 et

156 3941 262 4007 adhue
284 3940 323 4003 de
342 3946 458 4002 natura
475 3939 678 4019 antiquorum
699 3937 879 4012 Gallorum,
903 3940 957 4020 qui
979 3940 1045 4003 levi
1064 3941 1121 4004 ali·
1173 3961 1268 4005 nemo
1291 3942 1428 4004 estsere
1451 3953 1517 4004 tam
1530 3960 1651 4021 parvus
1673 3939 1778 4016 hodie,
1801 3942 1933 4022 quinon
1951 3942 2035 4007 sciat
2056 3943 2150 4028 loqui

156 4050 219 4110 quo
242 4045 370 4088 rumore
392 4023 539 4105 permoti,
570 4022 782 4087 consulebant
804 4023 843 4088 de
865 4023 961 4088 rebus
984 4046 1122 4109 magnae
1173 4025 1213 4090 de
1236 4027 1437 4109 argumentis
1458 4027 1612 4106 ipsorum.
1647 4025 1808 4090 Audimus
1831 4025 2003 4109 aliquando
2026 4048 2150 4110 parvos

157 4109 392 4194 importantiae,
411 4119 445 4172 ot
464 4109 497 4172 in
510 4109 603 4191 gravi
615 4108 757 4190 periculo
769 4131 803 4175 se
825 4120 858 4172 et
876 4111 1016 4193 patriam
1027 4132 1121 4175 suam
1173 4111 1337 4175 merdosos
1360 4110 1555 4185 decretistas,
1585 4111 1639 4192 qui
1662 4112 1719 4175 vir
1739 4111 1936 4176 studuerunt
1957 4133 2023 4177 uno
2048 4136 2150 4193 anno,

158 4217 254 4279 saepe
277 4195 447 4278 ponebant.
484 4194 608 4257 Verum
631 4193 726 4257 hodie
746 4216 812 4258 nou
834 4194 994 4259 falluntur
1015 4195 1122 4259 solum
1172 4197 1227 4279 qui
1249 4198 1357 4261 sciunt
1385 4195 1527 4278 allegare
1556 4196 1713 4277 quaedam
1737 4195 1880 4274 decreta,
1909 4198 2088 4281 inquibus
2112 4204 2151 4267 fit

157 4283 257 4348 abiis
279 4282 331 4364 qui
355 4283 489 4364 peregre
512 4280 662 4343 redeunt:
688 4279 744 4342 sed
766 4280 908 4362 quotidie
931 4281 1023 4345 multi
1048 4281 1121 4345 boni
1173 4282 1294 4345 mentm
1312 4302 1453 4345 uxorum
1471 4280 1685 4360 sacerdotum,
1709 4282 1931 4364 episcoporum
1949 4292 1982 4347 ot
2005 4285 2150 4352 aliorum

157 4366 281 4433 sodales
314 4367 447 4446 capiunt
474 4385 626 4449 maguam
654 4365 852 4446 voluptatem
883 4366 924 4430 ad
957 4368 1121 4430 seminan·
1172 4366 1470 4433 ecelesiasticorum.
1524 4366 1641 4432 Nescio
1685 4368 1759 4450 quis
1802 4367 1949 4433 diabolus
1991 4373 2152 4438 ostendat

158 4451 235 4517 dum
258 4451 365 4534 aliqua
388 4450 470 4515 bona
492 4470 590 4515 nova:
623 4450 698 4532 quia
718 4450 815 4533 vulgo
843 4460 1014 4533 reputatur
1041 4452 1121 4515 stul·
1172 4453 1219 4518 eis
1252 4451 1324 4517 illas
1357 4452 1476 4535 paleas,
1510 4460 1543 4515 ot
1573 4474 1632 4518 cur
1660 4473 1724 4517 non
1755 4455 1936 4519 retinentur
1965 4455 2079 4537 potius
2114 4460 2149 4523 in

158 4547 221 4613 tus,
251 4538 306 4619 qui
340 4536 442 4601 nescit
474 4535 594 4619 aliquid
628 4536 733 4601 dicere
762 4550 818 4599 aut
850 4537 1007 4603 fabricare
1037 4539 1121 4601 novi.
1172 4539 1266 4603 bonis
1288 4538 1408 4622 granis.
1451 4537 1525 4601 Non
1548 4537 1671 4601 solebat
1691 4539 1738 4603 ita
1760 4540 1830 4604 fieri
1853 4550 1961 4604 nostro
1985 4549 2148 4625 tempore.

158 4622 254 4688 Unde
289 4621 350 4686 dici
383 4621 477 4697 solet,
511 4619 638 4704 quaudo
671 4621 880 4703 reperiuntur
911 4623 1001 4699 falsa,
1034 4622 1122 4703 quod
1172 4622 1240 4687 Sed
1256 4632 1345 4688 totus
1362 4621 1504 4688 mundus
1521 4621 1616 4687 hodie
1634 4624 1660 4687 it
1682 4646 1716 4690 se
1733 4624 1905 4707 perditum.
1940 4626 2024 4691 Erat
2042 4630 2149 4695 etiam

159 4718 233 4772 sum
257 4727 342 4770 nova
359 4706 399 4769 de
422 4706 556 4789 palatio:
581 4708 634 4771 ubi
657 4707 780 4772 seilicet
800 4711 1001 4772 conveniunt
1021 4708 1044 4771 ii
1065 4709 1120 4790 qui
1171 4708 1305 4791 quidam
1323 4729 1426 4790 nuper
1445 4710 1499 4792 qui
1519 4708 1679 4793 allegabat
1696 4712 1892 4776 sententiam
1912 4713 2009 4776 unius
2022 4713 2149 4798 Papae,

158 4804 235 4858 sunt
261 4793 365 4874 magis
392 4792 552 4874 sapientes
582 4791 621 4857 de
651 4802 717 4856 tota
744 4794 832 4856 urbe.
879 4794 932 4858 Ad
962 4795 1020 4858 hoe
1048 4816 1120 4875 pro·
1171 4796 1226 4877 qui
1260 4793 1437 4859 vocabatur
1470 4797 1599 4859 Aeneas
1633 4796 1726 4871 Pius,
1766 4797 1821 4878 qni
1861 4795 1983 4861 solebat
2023 4798 2147 4880 dicere,

157 4879 240 4944 fecto
264 4876 524 4959 respondendum
547 4888 630 4951 erat,
662 4900 703 4942 ne
725 4878 870 4944 dicerent
893 4899 951 4944 vos
980 4900 1120 4945 commo·
1171 4879 1390 4945 sacerdotibus
1408 4901 1528 4963 magua
1549 4881 1673 4944 ratione
1695 4880 1840 4946 sublatas
1862 4885 2003 4964 nuptias,
2027 4889 2148 4952 maiori

158 4978 228 5029 tum
256 4963 355 5027 luisse
387 4963 519 5027 incertis
550 4961 743 5045 quibusdam
778 4964 914 5029 novellis
947 4963 1120 5039 fabricatis,
1170 4965 1389 5031 restituendas
1413 4966 1525 5032 videri.
1570 4966 1678 5030 Mater
1700 4967 1772 5043 Dei,
1801 4969 1962 5033 nescimus
1986 4971 2042 5034 ubi
2068 4984 2147 5037 eant

158 5059 196 5113 ut
218 5048 316 5131 vulgo
339 5047 469 5124 dieitur,
499 5047 539 5112 ad
563 5070 693 5129 pomum
714 5049 797 5131 pini,
826 5050 880 5113 vel
909 5050 948 5114 ad
971 5049 1121 5114 umbram
1170 5052 1330 5134 piscatum
1359 5052 1439 5117 istas
1473 5051 1694 5117 authoritates.
1739 5048 1873 5118 Utinam
1907 5054 1987 5119 tales
2021 5059 2146 5123 curiosi

159 5136 235 5198 vitri
259 5133 359 5196 vinei:
390 5154 450 5198 neo
470 5134 630 5198 iactareut
650 5155 707 5198 vos
730 5155 749 5195 a
770 5135 958 5201 eombibone
980 5135 1120 5218 quodam
1170 5146 1281 5201 essent
1308 5139 1342 5201 in
1373 5136 1531 5220 profundo
1552 5138 1666 5215 maris,
1699 5136 1740 5202 ad
1762 5138 1954 5219 piscandum
1976 5141 2022 5205 ibi
2045 5165 2144 5208 suum

158 5220 212 5284 vel
241 5219 364 5284 ebrioso
396 5218 527 5283 homine
560 5219 707 5284 delusum
738 5220 844 5284 luisse.
889 5222 961 5286 Ηοο
992 5221 1118 5303 procul·
1170 5232 1269 5287 satur.
1304 5223 1435 5288 Unuse
1459 5224 1576 5288 uostris
1598 5224 1660 5287 ivit
1681 5224 1792 5288 statim
1810 5225 1919 5290 visum
1942 5230 1976 5289 in
1997 5226 2143 5306 Platiae,
