4688 5902
241 344 302 406 396

240 556 1211 583 ---------------

242 614 438 681 Genevense
465 611 632 693 negotium
657 608 753 674 valde
780 628 840 673 nos
870 608 988 672 turbat.
1033 607 1214 689 Nunquam

241 700 348 783 magis
365 699 400 762 in
429 697 599 780 procinctu
627 715 680 759 res
701 692 773 771 fuit,
797 703 835 758 ut
856 692 897 757 ad
919 692 1040 759 bellum
1064 704 1121 758 aut
1143 704 1214 758 tur·

242 785 299 850 bas
322 784 447 865 aliquas
468 780 670 866 procedatur.
719 779 806 844 Nam
837 779 1006 844 exsulibus
1034 779 1213 844 Generati-

242 871 304 937 bus
337 889 524 934 conoessum
557 877 606 930 est
638 866 794 931 invadere
823 865 933 929 omnia
967 864 1215 931 Genevensium

243 955 337 1031 bona,
361 975 442 1036 quae
462 954 499 1017 in
520 953 642 1017 finibus
672 951 803 1016 ditionis
831 951 1011 1016 Beruensis
1034 951 1164 1030 babent,
1186 951 1214 1015 si

244 1041 456 1106 Genevenses
489 1045 629 1122 pergant
657 1037 735 1120 ipsis
768 1035 901 1100 illorum
935 1036 1021 1100 bona
1049 1035 1214 1114 invadere,

243 1146 325 1210 quae
347 1127 410 1207 ipsi
432 1123 537 1189 adhuc
559 1122 681 1188 habent
698 1123 864 1188 Geuevae.
876 1126 901 1198 ¹)
945 1121 1061 1205 Itaque
1083 1122 1124 1187 ad
1147 1123 1214 1187 bel·

243 1212 312 1277 lum
336 1220 369 1276 et
390 1210 503 1275 turbas
528 1210 637 1274 omnia
665 1221 819 1292 spectare,
850 1206 1013 1284 videntur,
1037 1208 1102 1273 nisi
1123 1207 1215 1273 Deus

245 1306 382 1363 avertat.
411 1297 486 1361 Non
508 1296 584 1361 licet
606 1294 699 1359 nobis
720 1293 848 1359 Ocivirw
870 1302 928 1357 aut
945 1293 1017 1359 aliis
1038 1293 1216 1375 quidquam

245 1382 396 1460 scribere,
427 1404 469 1446 ne
498 1380 731 1463 rempublicam
748 1378 886 1461 prodere
903 1378 1084 1443 videamur.
1128 1379 1212 1444 Vale

246 1477 281 1534 et
300 1471 432 1554 ignosce
450 1467 689 1532 tumultuanter
711 1472 745 1530 et
766 1485 896 1530 summa
917 1486 1045 1547 quoque
1067 1486 1141 1530 cum
1164 1465 1211 1528 in·

246 1554 434 1639 dignatione
456 1553 620 1620 scribenti.
665 1553 794 1617 Rornae
813 1550 864 1614 die
886 1551 1004 1616 (baroli.
1017 1553 1045 1632 ²)

922 1747 927 1759 ·
978 1703 1020 1767 H.
1044 1712 1130 1770 tuus.

684 2370 786 2441 2588.

449 2540 783 2609 PERRUGELLUS
807 2542 1025 2609 OALVINO.

333 2715 451 2780 Eadm
472 2714 621 2780 historiae
647 2712 844 2792 Vesolieosis,
873 2715 1091 2779 tristissimum
1113 2714 1220 2779 tbeolo

247 2803 335 2886 picae
364 2801 463 2867 rabiei
491 2801 711 2865 documentum.
755 2798 1052 2879 Francosardieosis
1078 2801 1221 2866 mesae

249 2893 349 2953 eurus
369 2888 425 2951 oia
445 2887 551 2950 minus
567 2885 745 2968 deplorabas
766 2884 802 2950 ob
824 2885 987 2952 intestinas
1008 2886 1192 2952 discordias.

251 3058 306 3118 (Ex
323 3014 411 3111 Besae
429 3058 556 3110 thesauro
574 3009 645 3110 edit·
656 3055 757 3109 Gener.
777 3073 802 3125 p.
822 3055 881 3121 192,
896 3056 974 3109 Lana
994 3074 1019 3178 g.
1038 3055 1097 3118 380,
1116 3056 1220 3110 Honor.

441 3143 467 3194 p.
485 3123 545 3189 426,
564 3124 669 3178 Obouct
687 3141 714 3193 p.
731 3122 792 3189 260,
811 3126 900 3178 Amst.
918 3143 945 3193 p.
963 3124 994 3176 11
1015 3131 1032 3185 .)

250 3399 376 3465 ΜΘΗ)
397 3400 464 3453 Rem
489 3401 530 3454 rea
547 3406 662 3454 morrot
687 3397 796 3453 Rachel
824 3399 870 3452 vl.
897 3397 961 3451 187:
990 3399 1030 3452 La
1047 3400 1156 3469 plupart
1174 3401 1222 3453 dcs

249 3469 353 3537 fugitiis
378 3468 540 3522 condemnes
557 3468 661 3522 etaient
682 3468 849 3537 comptablcs
868 3468 883 3520 ei
900 3469 928 3519 la
944 3468 1016 3521 ville.
1052 3469 1124 3522 O’sst
1141 3486 1222 3537 pour·

249 3538 314 3606 quoi
331 3553 366 3589 on
383 3537 423 3590 les
440 3539 577 3605 proclama
594 3537 628 3590 ds
640 3553 763 3590 nonreau
779 3535 796 3588 i
813 3553 863 3591 son
880 3536 914 3589 de
932 3542 1048 3606 trompc,
1067 3539 1092 3590 le
1112 3536 1146 3592 lt.
1160 3538 1222 3607 jan·

248 3607 307 3658 rior
324 3603 392 3658 1557
415 3607 483 3675 pour'
505 3607 686 3675 comparaitre
710 3622 743 3658 en
779 3622 913 3674 personne
935 3621 970 3659 cn
993 3623 1043 3674 par
1066 3623 1224 3676 procureur,

250 3691 319 3744 pour
336 3674 436 3727 rendre
459 3676 549 3728 raison
572 3674 606 3728 de
624 3676 683 3728 leur
701 3674 835 3739 oondnite,
859 3691 922 3727 sous
939 3675 1019 3742 pcine
1043 3674 1077 3728 de
1095 3676 1223 3730 confisca-

248 3744 307 3797 tion
325 3744 359 3796 dc
377 3745 449 3796 leura
467 3745 551 3800 biens·
589 3744 640 3797 Oes
657 3743 763 3813 gens-lis
780 3751 964 3808 reccururent,
990 3743 1065 3797 selon
1083 3744 1143 3797 leur
1160 3762 1222 3798 con·

249 3818 365 3878 tumace,
388 3829 441 3865 aux
463 3813 601 3881 seigneurs
619 3813 653 3866 de
670 3813 767 3877 Berne,
793 3817 821 3864 et
838 3830 889 3881 par
906 3812 1027 3866 diverses
1045 3813 1223 3867 insinuatione

250 3881 381 3950 malignes
397 3882 431 3932 ils
449 3881 488 3933 les
511 3880 663 3934 animerent
703 3882 745 3932 lus
769 3897 822 3949 que
840 3881 938 3948 jamais
960 3888 1055 3934 contre
1079 3882 1118 3934 les
1135 3881 1222 3935 Gene-

250 3949 320 4003 rois.
354 3950 406 4002 Les
423 3950 536 4003 Bernois
553 3951 655 4004 e'toient
692 3948 734 4017 eja
751 3950 848 4017 piques
866 3948 1002 4003 d’ailleurs
1021 3950 1054 4002 de
1072 3966 1102 4003 ce
1121 3952 1223 4018 queles

249 4018 385 4072 Genevcis
414 4018 549 4071 n’avoient
568 4019 667 4086 jamais
693 4018 775 4070 voulu
801 4017 915 4083 deserar,
942 4017 1003 4071 nid
1029 4020 1101 4072 leurs
1118 4020 1222 4086 prienes

249 4089 278 4141 ni
296 4091 312 4142 b
338 4087 419 4168 celles
444 4088 491 4140 des
513 4099 644 4168 samone,
669 4104 738 4165 pour
756 4086 859 4139 donner
883 4105 919 4139 un
942 4087 1124 4168 acui-condait
1145 4087 1222 4170 dees

248 4155 568 4279 stltenlsdlttl
586 4156 1222 4293 llllsl⁰sslll⁰ltltlt¹ltl⁰,lello

251 4294 277 4346 la
295 4295 350 4346 tete
367 4299 395 4346 et
413 4294 447 4347 de
465 4297 491 4346 la
515 4294 688 4347 confiscation
712 4292 759 4346 dea
782 4294 859 4345 biens
881 4293 929 4346 des
953 4293 1046 4346 enfans
1064 4294 1222 4363 posthumes

250 4379 285 4414 an
302 4369 398 4415 ventre
423 4363 457 4415 dc
483 4363 543 4415 leur
571 4361 653 4416 merc.
688 4361 740 4415 Sur
768 4378 812 4413 ces
840 4362 1020 4416 insinuatione
1042 4363 1082 4415 les
1106 4363 1221 4416 Bernois

251 4431 544 4485 dcrivirentvivemcnt
555 4448 608 4484 aux
618 4431 753 4485 Gencvois
771 4431 796 4482 le
813 4428 855 4482 23.
866 4432 976 4498 janvier
993 4447 1062 4499 pour
1079 4432 1138 4483 leur
1155 4432 1222 4484 faire

250 4499 298 4552 des
316 4500 461 4568 reprocbes
487 4518 534 4553 sur
555 4517 607 4553 unc
632 4500 744 4569 porcille
762 4499 898 4552 ccnduite.
934 4500 970 4553 lls
989 4500 1028 4552 les
1047 4498 1169 4568 priercnt
1186 4500 1221 4555 de

250 4568 345 4620 laisser
363 4585 398 4620 an
414 4569 636 4637 moinsparvenir
654 4569 670 4620 a
687 4584 732 4621 ces
749 4567 854 4635 gens-ld
872 4570 945 4620 leurs
959 4569 1044 4630 biens,
1058 4585 1127 4637 pour
1144 4570 1222 4622 avoir

251 4637 285 4688 dc
304 4637 368 4704 quoi
391 4653 420 4689 se
439 4639 545 4690 nourrir
567 4654 633 4690 avec
654 4639 727 4689 leurs
744 4637 868 4689 familles.
903 4637 1012 4690 Comme
1030 4637 1064 4690 ils
1081 4644 1144 4690 sont
1161 4637 1221 4707 pre'·

251 4710 403 4758 sentement
429 4706 553 4759 habituris
579 4707 613 4760 de
640 4723 689 4758 nos
716 4712 811 4772 terres,
837 4705 1006 4770 dissidat-ils,
1030 4707 1053 4758 si
1072 4723 1138 4759 vous
1156 4723 1221 4760 aven

250 4774 368 4843 quelque
396 4775 485 4827 action
511 4775 682 4843 personnellc
708 4780 802 4828 contre
829 4790 894 4838 eux,
927 4774 1140 4839 poursniveelcs
1172 4792 1222 4845 par

250 4843 311 4897 rcie
333 4843 368 4911 dc
393 4843 485 4896 'astice
512 4845 580 4896 dans
604 4846 643 4896 lea
662 4844 734 4895 lieux
752 4843 786 4895 dc
803 4843 1034 4896 leurbabitation:
1053 4860 1105 4912 qne
1123 4845 1222 4898 sircus

252 4912 356 4966 reluser
380 4861 414 4963 de
432 4912 457 4964 le
479 4913 546 4965 faire
569 4920 597 4965 et
620 4929 673 4981 que
691 4929 757 4964 vous
776 4913 916 4980 persistien
934 4911 1001 4964 dans
1019 4913 1045 4965 le
1062 4912 1169 4966 dessein
1188 4913 1222 4967 de

252 4981 403 5048 contisquer
421 4982 493 5033 leurs
511 4982 597 5046 biens,
614 4997 797 5034 commeneus
815 4980 854 5033 les
869 4996 952 5033 avons
971 4997 1048 5048 reque
1065 4997 1127 5033 scus
1145 4989 1222 5036 notre

252 5050 412 5115 protection,
438 5066 504 5102 nous
532 5051 591 5102 leur
612 5049 737 5104 donnons
754 5050 869 5117 pouvcir
885 5049 973 5102 d'user
990 5050 1024 5102 de
1042 5051 1220 5119 septemium,

253 5132 303 5183 par
321 5119 381 5170 veie
399 5118 433 5170 do
455 5118 561 5186 justice,
580 5135 627 5170 sur
644 5119 683 5172 les
701 5119 778 5170 biens
796 5117 829 5169 dc
847 5134 896 5171 vos
914 5119 1035 5186 citcyens
1052 5119 1136 5173 situds
1154 5119 1222 5173 dans

252 5201 301 5237 nos
318 5191 415 5239 terres.

353 5253 382 5317 2)
401 5253 443 5307 28,
462 5255 601 5309 Ianuarii.
637 5255 813 5323 Balliaqeras
830 5270 932 5308 ornam
950 5255 1060 5310 addidit
1078 5253 1152 5310 1557.

987 332 1249 401 EPISTOLAE
1270 338 1483 400 2587-2588

2181 340 2245 402 396

1264 520 1456 588 Clarissimo
1491 524 1571 602 viro,
1607 524 1731 590 virtute
1759 534 1793 590 et
1832 523 2013 592 eruditione
2049 525 2245 608 praestanti,

1265 607 1381 673 Ioanni
1411 608 1561 686 Oalrinc,
1600 610 1694 675 fratri
1726 631 1763 674 ac
1792 621 1995 694 symmystae
2024 609 2246 690 observando,

1498 695 1652 762 ecclesiae
1674 695 1881 762 Gencvensis
1902 697 2035 779 pastori.

1420 867 1537 933 Gratia
1558 877 1591 931 et
1613 887 1680 950 pax
1702 887 1760 949 per
1782 865 1891 969 Iesum
1915 867 2094 933 Ohristum.

1352 1002 1543 1068 Clarissimo
1566 1004 1617 1067 vir
1639 1023 1676 1070 ao
1709 1004 1811 1068 frater
1838 1004 1872 1068 in
1898 1004 2041 1069 Domino
2064 1004 2248 1086 plurimum

1265 1087 1477 1166 observande,
1499 1090 1555 1153 ubi
1579 1089 1732 1154 viderunt
1752 1089 1975 1155 Wcsalienses
1990 1092 2013 1171 ¹)
2036 1091 2245 1155 concionato-

1266 1196 1319 1240 res
1337 1174 1377 1239 dc
1400 1185 1511 1239 nostra
1538 1176 1760 1240 controversia
1788 1176 1908 1239 lactum
1933 1196 2004 1240 esse
2033 1177 2248 1257 compromis-

1266 1282 1340 1325 sum
1363 1263 1397 1323 in
1427 1261 1624 1325 sententiam
1657 1259 1814 1341 Philippi,
1845 1280 1882 1327 ao
1910 1282 1987 1325 suas
2015 1263 2248 1345 suggestiones

1267 1367 1332 1411 non
1355 1347 1565 1429 magnifieri,
1593 1346 1796 1413 advocarunt
1824 1346 1982 1429 quosdam
2013 1368 2032 1412 e
2056 1346 2168 1412 Frisia
2190 1348 2249 1430 qui

1267 1452 1328 1496 sua
1363 1432 1539 1495 autoritate
1579 1441 1729 1496 senatum
1767 1446 1948 1497 monerent.
1964 1437 1992 1507 ²)
2040 1432 2138 1514 Quod
2180 1453 2248 1497 non

1267 1517 1442 1583 infeliciter
1459 1517 1506 1583 eis
1526 1513 1689 1583 successit.
1734 1517 1800 1582 Per
1821 1539 1876 1582 eos
1898 1517 1986 1582 enim
2009 1519 2163 1584 effectum
2186 1527 2249 1596 est,

1268 1611 1306 1666 ut
1329 1613 1477 1667 senatum
1512 1602 1591 1668 facti
1629 1603 1854 1686 compromissi
1886 1605 2076 1686 poeniteret.
2133 1602 2249 1684 Quare

1269 1691 1378 1753 statim
1411 1688 1531 1753 missus
1560 1694 1611 1754 est
1646 1687 1912 1773 Wittenbergam
1948 1689 2086 1755 Thomas
2103 1689 2131 1773 8)
2161 1711 2249 1754 unus

1269 1796 1311 1838 ex
1328 1774 1617 1852 concionatoribus,
1638 1774 1694 1856 qui
1707 1773 1857 1857 Philippo
1881 1773 2024 1839 Senatus
2046 1776 2249 1840 sententiam

1269 1859 1438 1925 indicaret.
1453 1865 1481 1938 ⁴)
1536 1860 1605 1924 Vix
1641 1860 1814 1925 Coloniam
1839 1869 2033 1942 pervenerat
2056 1860 2250 1927 tabellarius

1270 1946 1426 2027 quemad
1448 1955 1481 2010 tc
1504 1947 1587 2022 misi,
1613 1967 1711 2028 quum
1735 1946 1871 2012 Thomas
1889 1944 1986 2011 rediit
2004 1946 2248 2031 Wittenberga

1270 2030 1362 2095 Nihil
1384 2030 1425 2094 ad
1447 2051 1537 2097 meas
1550 2032 1662 2096 literas
1680 2031 1850 2115 respondit
1874 2031 2055 2115 Philippeo.
2090 2032 2250 2115 Rescrip-

1270 2127 1358 2181 scrat
1374 2116 1503 2199 quidem
1527 2118 1569 2184 D.
1594 2117 1746 2183 Huberto
1775 2117 1944 2202 Lacipaea
1966 2116 2024 2183 sed
2046 2119 2152 2184 nostri
2174 2118 2249 2183 lite·

1270 2222 1323 2267 ras
1344 2212 1606 2285 suppresserunt,
1629 2214 1666 2266 ut
1688 2203 1782 2269 nobis
1804 2204 1952 2269 omnium
1974 2204 2097 2287 ignaris
2119 2204 2250 2270 facilius

1270 2288 1487 2371 imponerent,
1514 2298 1548 2353 et
1578 2290 1681 2354 nostri
1710 2289 1817 2354 exsilii
1843 2289 1972 2372 culpam
2001 2310 2078 2353 ase
2095 2310 2249 2355 remove·

1270 2382 1354 2438 rent.
1399 2374 1553 2457 Acceptis
1582 2374 1686 2439 literis
1714 2396 1734 2439 a
1761 2373 1957 2457 Plataeae
1986 2396 2038 2439 me
2059 2385 2091 2439 et
2118 2375 2250 2440 Triber·

1271 2460 1386 2539 saw)
1414 2460 1562 2543 Anglum
1593 2459 1703 2525 virum
1737 2459 1868 2525 doctum
1897 2469 2057 2525 vocarunt
2087 2462 2123 2524 in
2154 2482 2250 2526 sena-

1221 2569 1224 2573 ·
1272 2553 1352 2610 tum.
1392 2545 1461 2610 Nos
1479 2554 1599 2624 autem,
1618 2568 1658 2611 ne
1689 2547 1782 2611 iuxta
1813 2568 1936 2611 morem
1966 2566 2063 2611 suum
2085 2548 2250 2613 actionem

1271 2639 1417 2695 nostram
1435 2630 1723 2708 calumniarentur,
1747 2653 1787 2695 cr
1812 2632 1933 2696 nostris
1955 2631 2099 2697 ecclesiis
2125 2632 2251 2714 aliquot

1273 2716 1365 2781 nobis
1399 2715 1618 2794 adiunximus,
1652 2718 1709 2800 qui
1741 2725 1851 2783 essent
1878 2718 1947 2782 loco
1978 2719 2121 2782 testium
2174 2718 2249 2783 Non

1273 2803 1452 2868 recitarunt
1475 2804 1620 2886 integras
1638 2803 1749 2868 literas
1773 2801 1928 2884 Philippi,
1951 2802 2007 2869 sed
2029 2815 2096 2868 tros
2120 2814 2250 2869 tantum

1273 2887 1451 2953 versiculos
1474 2909 1515 2953 ex
1537 2890 1578 2953 iis
1589 2887 1766 2972 decerptos,
1788 2889 1943 2953 nimirum
1962 2910 2066 2953 unum
2085 2888 2127 2954 de
2150 2911 2251 2956 coena

1273 2972 1418 3052 Domini,
1437 2975 1579 3038 alterum
1602 2973 1642 3040 de
1675 2973 1845 3057 baptismo,
1869 2975 2002 3039 tertium
2026 2974 2066 3039 de
2084 2996 2250 3040 caeremo-

1273 3059 1345 3124 niis.
1380 3060 1427 3126 Iis
1449 3059 1571 3124 auditis
1593 3061 1788 3140 permissum
1811 3070 1861 3125 est
1878 3061 1971 3125 nobis
1993 3060 2146 3126 secedere
2169 3061 2250 3126 deli-

1273 3144 1408 3209 berandi
1425 3165 1532 3211 causa.
1576 3145 1669 3210 Inter
1698 3145 1944 3210 deliberandum
1974 3148 2083 3211 visum
2113 3156 2165 3213 est
2186 3168 2251 3212 cm·

1272 3230 1368 3296 nibus
1390 3229 1631 3314 approbandam
1655 3252 1725 3297 esse
1748 3232 1945 3296 sententiam
1969 3230 2132 3313 Philippi:
2163 3232 2250 3316 quod

1273 3327 1306 3381 et
1327 3338 1347 3382 a
1370 3318 1463 3382 nobis
1484 3318 1605 3381 factum
1623 3327 1682 3382 est.
1719 3317 1811 3381 Nihil
1830 3318 1919 3381 enim
1941 3318 1975 3381 in
1999 3338 2037 3382 ea
2059 3319 2249 3386 contineba-

1272 3411 1337 3478 tur,
1361 3403 1445 3485 quod
1468 3403 1677 3469 ecclesiarum
1699 3415 1886 3469 nostrerum
1904 3402 2071 3470 doctrinae
2094 3405 2249 3472 adversa·

1273 3497 1373 3555 retur.
1425 3489 1548 3554 Audita
1591 3498 1703 3554 nostra
1737 3489 1957 3572 responsione,
1990 3491 2160 3556 iusserunt
2193 3512 2251 3557 nos

1272 3575 1394 3640 iterum
1416 3574 1575 3652 secedere,
1598 3585 1636 3638 ut
1657 3575 1721 3657 ipsi
1742 3575 1828 3640 inter
1850 3596 1885 3640 se
1908 3575 2136 3642 deliberarent
2184 3577 2250 3643 Re-

1273 3661 1378 3726 versis
1409 3660 1502 3727 nobis
1527 3661 1610 3726 dixit
1638 3660 1767 3726 consul:
1813 3660 1925 3741 Quum
1954 3663 2035 3727 satis
2057 3675 2190 3729 constet
2211 3686 2251 3729 cx

1273 3754 1385 3811 vestra
1414 3748 1626 3823 confossione,
1656 3768 1714 3812 vos
1743 3748 1876 3812 omnino
1909 3745 2083 3813 dissentire
2115 3750 2251 3815 anobis

1274 3833 1309 3896 in
1330 3832 1467 3898 articulo
1485 3832 1526 3897 de
1559 3853 1661 3898 coena
1682 3832 1826 3912 Domini,
1850 3854 1910 3898 nec
1935 3833 2091 3917 Philippi,
2111 3856 2174 3902 nec
2196 3859 2251 3903 cu·

1273 3918 1424 4001 iusquam
1447 3917 1590 3983 bominis
1611 3920 1819 3984 autoritatem
1847 3920 1882 3982 in
1905 3940 1944 3984 ca
1965 3940 2002 3984 re
2024 3923 2251 3998 moramurfl)

1274 4156 1364 4278 {1583
1378 4157 1401 4277 ll)
1419 4156 1472 4278 2054
1485 4158 1521 4211 N.
1540 4155 1618 4213 2535.
1637 4157 1714 4212 2544.
1732 4163 1757 4212 et
1776 4157 1886 4214 Riserii
1904 4157 2018 4214 Memor.
2037 4165 2067 4214 irs
2090 4161 2173 4228 Frltf.
2195 4161 2254 4218 Ra.

1305 4242 1323 4278 e
1354 4267 1359 4277 .
1396 4267 1401 4277 .
1473 4262 1479 4276 .

1374 4292 1405 4356 2)
1425 4294 1469 4347 De
1486 4295 1584 4364 quates
1600 4311 1645 4348 a.
1674 4289 1785 4350 Wcllers
1801 4295 1878 4351 nibil.

1375 4361 1405 4426 3)
1425 4363 1584 4417 Ploteonas.
1644 4365 1724 4418 olters
1740 4381 1769 4433 p.
1788 4363 1846 4417 183.
1874 4382 1876 4386 ·

1374 4430 1405 4495 4)
1432 4432 1544 4486 Literoe
1569 4439 1680 4486 meotes
1705 4433 1744 4487 od
1771 4433 1835 4487 Mel.
1852 4433 1894 4487 ito
1920 4438 2256 4501 emmeramensem

1272 4500 1342 4570 qaid
1367 4501 1410 4554 rei
1435 4505 1503 4555 esset
1529 4518 1583 4555 eoo
1610 4502 1675 4558 berre
1695 4504 1848 4570 perspicere
1865 4508 1961 4570 posset.
2003 4503 2205 4573 Loqaebootur
2223 4505 2255 4560 de

1272 4568 1415 4623 monibus
1431 4570 1530 4640 abiqroe
1547 4571 1642 4624 turbas
1663 4572 1828 4636 facientibus
1850 4580 1875 4624 et
1894 4571 2027 4639 repebant
2045 4577 2077 4625 at
2098 4574 2255 4629 Moerlieas

1278 4638 1412 4692 Vesolr'om
1429 4641 1586 4705 misectur,
1604 4641 1653 4708 qui
1666 4639 1885 4694 Lateranorum
1903 4641 2074 4710 coryphaeos
2093 4642 2254 4699 hebebatur.

1374 4706 1404 4769 5)
1429 4708 1474 4761 Id.
1494 4708 1564 4762 Nor.
1584 4709 1700 4776 emptis,
1726 4709 1756 4762 in
1781 4708 1858 4776 Corp.
1882 4709 1943 4774 Res.
1962 4709 2036 4763 Vlll.
2054 4709 2109 4765 908
2127 4714 2255 4769 mendose

1272 4775 1362 4830 editis.
1383 4775 1425 4842 Of,
1450 4775 1564 4831 Wolters
1581 4784 1605 4830 et
1626 4777 1719 4831 Βίων.
1738 4795 1764 4829 a.
1783 4793 1804 4830 s.

1271 4914 1324 4969 Mb
1373 4843 1403 4907 6)
1422 4845 1504 4899 Altos
1528 4845 1708 4900 Treberorsem
1726 4845 1876 4911 (Trebam)
1894 4862 1951 4900 eoo
1974 4847 2138 4903 Tabernae·
2157 4860 2189 4904 ar
2215 4850 2255 4904 W.

1375 4980 1404 5046 7)
1431 4983 1624 5038 Meloncbtboe
1649 4984 1689 5038 sie
1711 4984 1856 5038 sorbebat.-
1898 4985 2043 5053 Expellere
2067 4995 2207 5057 receptos,
2232 4991 2255 5042 si

1272 5068 1325 5105 non
1344 5051 1399 5104 sint
1416 5053 1485 5105 aliae
1502 5069 1598 5105 causas
1616 5058 1726 5122 praeter
1743 5052 1791 5106 bas
1809 5069 1878 5121 quae
1896 5070 1967 5106 nunc
1984 5068 2188 5126 proponuntur,
2208 5058 2255 5112 du·

1272 5127 1414 5173 minasset
1415 5159 1528 5176 .....
1548 5121 1608 5174 Non
1619 5122 1700 5175 velim
1712 5138 1759 5175 eos
1771 5138 1868 5191 cogere
1886 5131 1916 5175 ut
1933 5125 2034 5176 nostris
2052 5127 2155 5181 ritibus
2176 5135 2255 5182 utan-

1272 5197 1324 5243 tur.
1360 5189 1413 5243 Sed
1440 5207 1522 5259 quum
1544 5196 1658 5258 propter
1682 5191 1799 5258 linguam
1825 5191 1989 5245 concedatur
2007 5194 2045 5245 eis
2064 5194 2184 5248 docendi
2203 5199 2254 5250 mi·

1272 5257 1412 5311 nisterium
1438 5260 1467 5311 in
1494 5260 1612 5327 propriis
1638 5260 1825 5329 congressibus
1852 5261 1944 5313 malim
1973 5260 2012 5314 eis
2030 5263 2112 5315 etiam
2132 5266 2252 5320 eouoeffl
