4688 5910
266 318 337 403 'evo
1104 327 1438 396 aristobulus
1954 430 1961 444 ·
2205 332 2260 392 cre

277 545 391 590 rerum
416 534 598 588 vestrarum
619 522 792 604 ignoratio,
807 520 899 586 facile
921 526 1029 584 tamen
1052 518 1158 602 patior
1174 537 1246 582 sus·
1297 518 1348 602 gis
1370 517 1514 583 arrideat
1536 518 1686 600 cuiquam
1699 517 1888 600 Augustana
1905 517 2063 583 confessio
2082 536 2180 599 quam
2198 518 2261 584 eius

278 630 416 693 pensum
438 611 564 673 interea
586 607 686 672 fnisse
708 627 818 670 meum
834 604 1039 672 desiderium.
1073 603 1146 668 Nisi
1158 604 1246 668 enim
1297 604 1411 669 autori.
1456 604 1552 686 Atqui
1575 603 1720 685 profiteri
1740 624 1808 667 non
1828 601 1955 667 dubitat
1983 602 2185 668 clarissimus
2211 603 2261 669 ille

277 697 386 760 levata
406 695 522 758 brisset
549 691 655 757 exsilii
683 713 785 774 poena
814 692 854 756 de
883 691 981 755 unius
1010 689 1152 755 hominis
1180 688 1245 754 dis·
1296 690 1356 768 vir,
1379 688 1571 754 tradendam
1593 688 1814 772 esseposteris
1832 688 1962 771 plenam
1979 697 2012 752 et
2033 687 2191 770 liquidam
2208 689 2262 754 hu-

277 802 368 846 cessn
402 779 494 863 quasi
532 777 697 860 publicum
738 777 939 859 triumphum
972 776 1117 858 egissent
1149 795 1246 840 verae
1295 776 1347 840 ius
1369 772 1535 840 doctrinae
1556 774 1672 839 lucem.
1715 775 1763 839 Et
1784 793 1862 838 sane
1885 775 2056 856 quominus
2086 795 2199 839 omnes
2226 774 2263 839 ad

276 866 407 948 pietatis
429 865 548 940 hostes,
571 877 602 927 et
626 862 689 927 illis
711 872 824 927 contra
841 862 981 944 reliquos
1001 861 1154 926 crevisset
1171 881 1245 942 prc-
1297 859 1475 925 tollendam
1497 860 1743 943 ambiguitatem
1762 860 1975 939 consentiant,
1997 858 2083 923 nihil
2104 859 2194 924 aliud
2211 861 2262 926 ob

277 951 389 1015 tervia.
433 949 529 1014 Nunc
558 951 592 1012 in
618 950 831 1031 mitigatione,
861 948 1011 1030 quamvis
1042 945 1187 1011 nondum
1206 944 1246 1010 de
1296 945 1396 1012 stabit
1417 966 1515 1029 quam
1538 947 1644 1011 crucis
1666 954 1782 1010 metus.
1812 942 1900 1024 Quia
1918 944 1957 1009 de
1980 946 2041 1009 hoo
2062 945 2171 1027 eapite
2193 946 2263 1012 doc·

276 1056 374 1101 causa
395 1056 453 1099 rex
476 1035 748 1116 pronunciaverit,
770 1054 836 1097 non
860 1043 970 1097 tamen
991 1032 1063 1096 leve
1086 1030 1246 1113 praeiudi·
1296 1032 1402 1096 trinae
1423 1031 1597 1097 infeliciter
1613 1040 1724 1095 nostro
1741 1030 1869 1096 saeculo
1892 1039 2074 1114 pugnatum
2095 1030 2169 1107 fnit,
2188 1052 2263 1096 non·

277 1123 363 1186 cium
393 1121 467 1184 tulit
503 1119 543 1183 ad
580 1117 815 1183 retundendam
848 1119 993 1200 ipsorum
1027 1117 1243 1182 insolentiam.
1296 1117 1379 1181 nulli
1406 1116 1483 1181 dum
1506 1134 1565 1198 pro
1593 1117 1717 1200 ingenii
1739 1116 1790 1180 sni
1812 1116 2062 1181 mansuetudine
2086 1117 2199 1182 turbas
2218 1118 2263 1181 fu·

276 1207 352 1271 Huc
384 1203 507 1271 accedit
539 1204 622 1286 quod
657 1204 768 1268 utilem
802 1203 914 1269 multis
944 1204 980 1266 in
1006 1203 1102 1267 rebus
1134 1202 1245 1266 fratris
1295 1203 1411 1286 gitant,
1437 1202 1553 1268 leviter
1582 1210 1616 1267 et
1637 1203 1772 1268 obscure
1794 1201 1911 1284 attingi
1934 1201 2064 1279 vellent,
2087 1201 2174 1284 quod
2195 1223 2263 1285 per-

276 1292 379 1357 nostri
407 1292 622 1373 praesentiam
652 1290 743 1354 vobis
771 1288 840 1354 fore
874 1287 1008 1353 confido.
1055 1288 1129 1352 Etsi
1156 1288 1244 1352 enim
1295 1289 1406 1370 spicue
1427 1289 1461 1351 in
1484 1286 1618 1353 ecclesia
1643 1286 1822 1354 docendum
1844 1298 1903 1352 est.
1948 1286 2016 1353 Sed
2033 1286 2131 1371 longe
2148 1288 2261 1353 fallun-

276 1377 332 1442 alii
361 1378 405 1459 pii
428 1397 553 1459 quoque
576 1375 723 1440 doctores
746 1375 837 1440 vobis
858 1381 1036 1457 suppetunt
1057 1380 1090 1438 et
1112 1371 1245 1438 Christo
1295 1382 1359 1452 tur,
1379 1372 1457 1438 dum
1480 1374 1541 1439 hoc
1563 1371 1707 1437 remedio
1725 1375 1873 1454 componi
1892 1372 2063 1455 sedarique
2084 1393 2182 1455 posse
2199 1396 2262 1439 cer·

275 1465 311 1528 in
334 1463 424 1527 vobis
446 1459 654 1526 aedificandis
665 1460 791 1525 fidelem
812 1457 1006 1542 impendunt
1026 1478 1168 1540 operam,
1191 1457 1245 1522 ad·
1295 1460 1418 1523 tamine
1440 1460 1639 1524 existimant
1684 1458 1797 1540 Neque
1816 1467 1923 1522 tamen
1948 1458 2027 1524 haec
2050 1462 2114 1523 erit
2136 1460 2177 1525 ab
2199 1462 2262 1525 Au·

277 1557 327 1613 est
348 1549 445 1611 etiam
470 1546 674 1611 doctissimus
696 1548 749 1610 vir
773 1547 811 1609 D.
825 1547 966 1609 Ioannes
988 1566 1009 1609 c
1031 1545 1245 1622 Luscacuius
1294 1553 1435 1628 gustana
1456 1544 1657 1610 confessione
1680 1544 1843 1622 discessio,
1862 1544 1890 1607 si
1913 1545 2030 1609 clarior
2051 1545 2129 1609 fidei
2142 1555 2263 1611 vestrae
2333 1544 2334 1548 ’

276 1642 310 1698 et
332 1633 470 1698 eruditio
493 1641 526 1695 et
554 1632 728 1715 integritas
749 1641 783 1694 et
804 1631 887 1695 aliae
910 1631 1047 1695 virtutes
1065 1650 1131 1693 non
1153 1629 1245 1695 vobis
1296 1631 1454 1714 expositio
1477 1631 1617 1706 accedat,
1640 1631 1736 1694 sicuti
1759 1650 1817 1694 vos
1839 1628 2014 1694 divortium
2032 1650 2108 1695 cum
2127 1631 2264 1696 Valden·

276 1719 372 1784 modo
395 1718 452 1783 sed
472 1719 594 1781 exteris
612 1730 737 1799 quoque
754 1717 907 1799 gentibus
924 1726 1020 1779 notae
1038 1725 1124 1780 sunt.
1159 1713 1246 1794 Quia
1295 1717 1384 1781 sibus
1414 1717 1518 1783 facere
1540 1716 1677 1779 minime
1705 1715 1873 1790 vellemus,
1902 1716 2094 1797 quibuscum
2124 1717 2263 1782 fraterna

274 1813 383 1869 tamen
407 1803 446 1867 ad
471 1814 592 1866 tantam
616 1803 733 1866 molem
757 1801 939 1866 obeundam
962 1801 1018 1865 vir
1041 1800 1132 1864 mille
1154 1800 1245 1864 suifi·
1296 1804 1481 1868 coniunctio
1507 1801 1547 1865 ad
1576 1810 1760 1865 extremum
1790 1821 1892 1882 usque
1921 1801 2058 1866 colenda
2086 1803 2138 1865 sit.
2182 1804 2262 1868 'Pan-

275 1898 396 1965 cerent,
415 1909 480 1952 non
505 1909 618 1969 parum
641 1887 849 1953 meoiudicio
872 1887 963 1953 vobis
985 1885 1141 1952 conducet
1162 1887 1246 1968 opti·
1297 1894 1367 1951 tum
1396 1889 1545 1971 cupimus
1574 1887 1659 1951 ultro
1678 1887 1825 1968 citroque
1847 1885 1929 1950 alios
1951 1887 2023 1951 aliis
2046 1885 2209 1965 accedere,
2231 1899 2263 1953 ut

276 1997 365 2039 mum
398 1975 617 2038 discruciatum
644 1993 861 2055 recuperasse,
890 1974 946 2054 qui
975 1981 1008 2035 et
1030 1972 1155 2038 sincero
1176 1979 1245 2035 stu·
1297 1974 1523 2038 communibus
1547 1972 1663 2037 studiis
1686 1980 1860 2055 quaeratur
1882 1993 2011 2037 sacrum
2036 1974 2174 2038 unitatis
2197 1976 2262 2039 vin-

276 2060 328 2125 dio
361 2060 527 2125 incumbet
559 2060 600 2123 ad
632 2057 855 2142 ampliandum
889 2057 1012 2123 (lhristi
1042 2078 1190 2140 regnum,
1214 2065 1247 2120 et
1297 2058 1414 2124 culum.
1460 2060 1528 2123 Nec
1557 2069 1643 2123 certe
1670 2066 1823 2140 putamus
1852 2057 1931 2122 adeo
1953 2078 2098 2122 morosos
2121 2081 2192 2124 esse
2214 2062 2262 2125 bo

275 2167 334 2228 pro
356 2167 415 2209 sua
435 2144 526 2208 virili
548 2143 722 2226 puritatem
742 2144 907 2208 doctrinae
930 2143 1056 2207 salvam
1079 2143 1245 2208 tueristu·
1296 2164 1357 2208 nos
1379 2144 1450 2208 illos
1461 2146 1587 2219 fratres,
1610 2145 1687 2225 quin
1700 2144 1839 2208 libenter
1862 2144 2020 2224 recipiant
2042 2165 2127 2225 quae
2137 2145 2262 2210 aliunde

276 2230 373 2296 debit.
403 2229 612 2311 Quantopere
632 2252 707 2294 vero
730 2232 815 2293 inter
837 2229 930 2293 initia
953 2228 1175 2310 acorruptelis
1193 2249 1245 2291 ea·
1296 2230 1395 2295 allata
1416 2230 1514 2294 fuerit
1535 2228 1802 2310 explicationem:
1827 2228 1854 2292 ei
1878 2227 1972 2293 modo
1996 2230 2029 2292 in
2054 2251 2150 2294 usum
2169 2232 2263 2296 eecle-

275 2316 420 2380 vendam
449 2317 500 2390 sit,
532 2316 639 2396 aliqua
667 2337 709 2378 ex
737 2327 830 2397 parte
851 2313 939 2378 haud
963 2313 1058 2378 dubie
1080 2314 1145 2377 iam
1168 2314 1246 2378 estis
1296 2316 1363 2379 siae
1386 2316 1553 2381 commoda
1575 2324 1715 2396 aptaque
1737 2335 1807 2379 esse
1830 2312 2000 2378 videbitur.
2047 2316 2206 2398 Legimus
2223 2317 2262 2381 lo

274 2403 409 2484 experti.
1297 2421 1371 2465 cum
1394 2400 1486 2464 illum
1510 2401 1565 2465 ubi
1586 2421 1678 2464 suam
1702 2400 1741 2463 de
1764 2419 1856 2466 sacra
1868 2400 1991 2464 Ohristi
2014 2422 2117 2466 coena
2139 2414 2262 2467 senten-

362 2488 465 2551 Porro
496 2507 595 2567 quum
606 2489 633 2562 ⁴)
657 2484 697 2548 de
730 2493 816 2548 statu
846 2493 954 2548 vestro
982 2483 1083 2547 verba
1104 2484 1244 2548 iacerem
1297 2488 1376 2551 tiam
1405 2495 1580 2568 exponunt.
1624 2485 1779 2550 Breviter
1801 2495 1835 2549 et
1862 2486 1928 2549 fere
1957 2488 2086 2552 concise
2110 2499 2261 2564 asserunt,

276 2572 362 2654 apud
386 2571 525 2655 collegas
553 2591 643 2634 meos
667 2581 699 2634 et
726 2571 813 2634 inter
840 2570 903 2633 alia
931 2570 1095 2645 referrem,
1118 2570 1183 2633 iam
1206 2569 1245 2634 de
1297 2592 1414 2654 panem
1437 2585 1469 2635 et
1491 2574 1606 2638 vinum
1629 2592 1700 2635 esse
1721 2592 1837 2636 verum
1857 2571 1979 2635 Ohristi
2002 2593 2120 2654 corpus
2142 2582 2176 2637 et
2197 2595 2261 2638 san·

275 2678 367 2723 sacra
379 2657 503 2722 Christi
526 2676 625 2720 coena
647 2666 794 2719 exortum
818 2677 887 2720 esse
909 2654 1030 2736 aliquid
1054 2653 1178 2720 dissidii
1199 2656 1247 2718 in·
1296 2658 1438 2741 guinem.
1463 2657 1582 2722 Statim
1607 2657 1647 2721 ad
1671 2657 1890 2721 defensionem
1902 2661 1928 2733 ⁶)
1951 2657 2168 2734 transsiliunt,
2189 2680 2262 2741 quae

276 2753 327 2807 ter
361 2763 426 2817 vos,
441 2742 469 2825 ὁ)
503 2751 660 2824 rogarunt
692 2763 744 2804 me
767 2751 805 2805 ut
830 2741 870 2805 de
902 2741 1067 2805 communi
1099 2741 1244 2805 omnium
1296 2753 1408 2808 nostro
1436 2744 1552 2808 iudicio
1587 2743 1766 2808 doctrinam
1795 2743 1947 2807 obscurat
1965 2741 2018 2806 vel
2039 2744 2182 2808 involvit
2201 2765 2262 2808 ma·

276 2828 438 2893 sententia
456 2826 515 2891 hoo
547 2828 636 2891 vobis
664 2827 847 2892 scriberem.
894 2825 1001 2906 Quam
1025 2827 1121 2890 noxia
1143 2827 1244 2907 postis
1298 2831 1348 2914 gis
1370 2850 1466 2912 quam
1488 2829 1637 2894 illustret.
1678 2828 1871 2908 Queruntur
1888 2828 2017 2893 iniustis
2035 2850 2070 2893 se
2092 2828 2262 2895 calumniis

275 2914 319 2978 sit
342 2913 499 2977 dissensio
521 2913 669 2994 pluribus
698 2912 806 2977 verbis
827 2911 984 2977 disserere
1006 2932 1244 2994 supervacuum
1297 2916 1435 2999 gravari,
1469 2916 1534 2978 imo
1563 2914 1689 2978 traduci
1711 2912 1864 2978 ludibriis
1885 2922 1917 2977 et
1939 2914 2261 2981 subsannationibus:

275 2998 373 3063 foret:
407 3019 484 3062 nam
517 3007 550 3061 et
579 2999 698 3079 optime
731 2998 867 3062 novistis
899 3018 966 3061 non
988 2997 1083 3061 modo
1111 2998 1147 3061 in
1168 2996 1245 3060 fidei
1296 3002 1493 3083 sedprimus
1521 3001 1583 3067 sibi
1613 3000 1817 3065 adversarios
1846 3007 1989 3071 statuere
2012 3000 2175 3079 videntur,
2198 3003 2261 3084 qui·

276 3085 408 3162 unitate,
431 3083 488 3148 sed
510 3083 607 3147 etiam
641 3083 785 3147 fraterno
805 3100 965 3148 consensu
987 3082 1083 3146 sitam
1102 3103 1172 3148 esse
1194 3101 1245 3146 ec·
1297 3108 1423 3168 cunque
1444 3087 1564 3152 certius
1587 3085 1716 3151 definiri
1737 3085 1906 3169 postulant
1925 3085 2087 3167 quomodo
2109 3087 2203 3168 panis
2223 3088 2262 3151 sit

276 3169 394 3235 clesiae
421 3168 572 3233 salutem:
597 3176 630 3232 et
659 3167 738 3233 dum
760 3168 802 3233 ad
824 3189 884 3232 vos
906 3167 1140 3252 oppugnandos
1159 3168 1245 3231 vires
1297 3194 1424 3258 corpus.
1469 3176 1579 3256 Atque
1588 3174 1616 3253 ⁷)
1645 3173 1774 3237 utinam
1796 3170 1917 3236 sedatis
1939 3172 2058 3237 animis
2080 3171 2261 3253 expendant

274 3254 445 3337 studiaque
467 3276 526 3320 sua
554 3254 723 3338 coniungit
750 3254 890 3319 hostium
908 3253 1015 3330 factio,
1039 3274 1135 3337 quam
1158 3252 1246 3318 solli·
1298 3269 1419 3342 quanto
1451 3259 1558 3325 acrius
1594 3257 1805 3324 excanduerit
1833 3257 1971 3339 scriptor
1995 3257 2206 3324 confessionis
2232 3268 2261 3323 et

275 3342 337 3406 cite
359 3348 473 3406 sancta
490 3340 686 3422 conspiratio
704 3339 795 3406 vobis
813 3337 952 3404 fovenda
970 3340 1021 3416 sit,
1045 3339 1247 3422 experientia
1298 3354 1419 3428 quanto
1449 3345 1596 3427 asperius
1620 3344 1770 3409 invectus
1788 3344 1831 3408 sit
1852 3351 1965 3408 eontra
1986 3344 2108 3410 multos
2129 3365 2196 3408 non
2217 3366 2262 3410 so·

274 3426 346 3509 ipsa
372 3426 470 3492 docet.
515 3427 560 3490 Et
593 3426 653 3489 hoo
692 3425 828 3491 artificio
857 3423 946 3489 haud
985 3423 1082 3490 dubie
1113 3424 1246 3489 molitur
1295 3431 1365 3496 lum
1387 3432 1457 3514 pios
1480 3431 1629 3495 homines
1650 3429 1817 3494 sedetiam
1839 3428 1880 3494 de
1901 3428 2037 3494 ecclesia
2058 3430 2182 3513 optime
2201 3451 2263 3496 me·

276 3510 379 3577 Satan
402 3511 565 3595 evangelii
591 3532 723 3577 cursum
752 3511 806 3575 vel
835 3509 1028 3593 abrumpere
1057 3510 1111 3574 vel
1141 3531 1246 3575 remo·
1296 3520 1392 3583 ritos:
1416 3519 1537 3582 mirum
1565 3524 1652 3582 certe
1680 3516 1744 3580 nisi
1768 3515 1834 3580 illis
1863 3514 2033 3597 displiceat
2059 3516 2263 3581 vehementia

276 3597 351 3661 rari.
391 3597 506 3678 Neque
531 3617 607 3661 vero
637 3617 696 3661 nos
725 3596 804 3661 latet
830 3597 935 3679 magis
975 3595 1148 3678 pretiosam
1175 3616 1246 3661 08⁸0
1296 3604 1443 3670 fervoris.
1476 3603 1589 3686 Neque
1614 3608 1724 3665 tamen
1747 3608 1836 3667 certo
1858 3601 2010 3684 colligere
2032 3600 2109 3668 licet
2130 3602 2167 3666 in
2189 3623 2262 3685 qnos

275 3684 433 3749 sinceram
461 3683 537 3747 fidei
565 3682 744 3746 doctrinam
773 3702 869 3765 quam
902 3690 938 3746 nt
959 3679 1168 3753 redimendae
1189 3702 1245 3763 pa·
1296 3690 1420 3776 stylum
1453 3687 1594 3772 dirigere
1626 3685 1774 3753 voluerit.
1830 3685 1897 3752 Sed
1932 3686 2009 3750 dum
2044 3688 2108 3752 sibi
2133 3687 2263 3753 liberius

276 3770 322 3833 cis
344 3770 450 3852 gratia
474 3769 646 3832 minimum
675 3767 715 3832 ab
738 3767 793 3831 illa
815 3767 985 3832 deflectere
1007 3766 1101 3832 nobis
1123 3768 1171 3832 fas
1193 3767 1245 3832 sit.
1296 3775 1389 3860 quasi
1410 3775 1494 3839 laxis
1522 3774 1656 3839 habenis
1687 3794 1781 3837 ruere
1802 3773 1837 3835 in
1857 3793 1970 3838 omnes
1992 3775 2175 3855 promiscue
2197 3795 2262 3855 per·

160 3906 162 3909 .
275 3853 340 3920 Sed
370 3866 529 3937 quantum
556 3852 714 3935 probabili
744 3854 928 3918 coniectura
950 3853 1161 3935 assequimur,
1180 3873 1245 3917 non
1296 3863 1405 3940 mittit,
1425 3860 1572 3943 aquibus
1590 3860 1754 3941 expetitur
1765 3860 1940 3925 verborum
1959 3857 2084 3923 Christi
2106 3861 2262 3942 interpre-

276 3950 343 4005 111111
373 3941 405 4003 111
436 3940 687 4005 1011101111111111
718 3948 852 4004 1011111111·
880 3940 951 4020 ipsa
973 3936 1245 4020 (1111111111,111111111
1296 3950 1384 4024 tatio,
1414 3947 1547 4011 modum
1569 3952 1656 4010 certe
1679 3946 1827 4010 excessit.
1872 3942 1940 4009 Sed
1962 3943 2038 4007 nolo
2072 3946 2263 4011 exacerbare

275 4025 452 4090 moderatio
470 4025 639 4107 quaeritur
668 4044 750 4106 quae
779 4025 950 4088 minimum
978 4025 1083 4106 pariat
1111 4021 1246 4088 offendi·
1295 4055 1377 4117 quae
1418 4031 1492 4114 plus
1522 4032 1603 4097 satis
1630 4030 1817 4095 offensionis
1848 4031 1914 4095 iam
1943 4051 2000 4111 per
2033 4052 2068 4095 se
2101 4032 2261 4115 ingemat.

275 4111 348 4177 11111·
394 4112 545 4189 Ρ111θι111
577 4108 1244 4192 1111111111,Α11ἕ11111111111110111118810116111
1295 4120 1438 4185 'fantum
1461 4117 1541 4195 dico,
1571 4137 1670 4200 quum
1693 4136 1758 4179 non
1780 4116 1860 4181 satis
1882 4114 2003 4179 diserte
2026 4116 2077 4181 vel
2100 4116 2262 4182 enucleate

276 4197 491 4278 amplectitur.
538 4195 603 4259 Alii
634 4194 849 4260 Vallensium
873 4194 1052 4259 doctrinam
1081 4194 1245 4259 mordicus
1296 4204 1339 4271 de
1356 4206 1418 4270 hoo
1441 4202 1597 4286 mysterio
1619 4201 1746 4283 loquuti
1768 4202 1834 4266 sint
1855 4200 2045 4279 valdenses,
2065 4201 2262 4267 fastidiens

276 4284 427 4346 retinent.
468 4280 556 4346 811111
584 4282 639 4362 (1¹¹i
669 4280 853 4344 dessldtlfflsst
881 4300 998 4362 1111111111
1016 4286 1049 4344 θῐ
1070 4279 1245 4344 dilucidam
1296 4291 1475 4356 christiana
1486 4287 1644 4353 modestia
1666 4287 1778 4369 procul
1799 4294 1961 4352 remotum
1979 4287 2057 4365 iore,
2080 4288 2108 4353 si
2129 4287 2171 4352 ab
2187 4289 2261 4371 ipsis

276 4367 423 4451 mysterii
453 4366 710 4448 61911111101111111·
772 4366 813 4428 Et
842 4365 882 4430 (111
900 4368 1093 4449 Augusstflna
1114 4364 1245 4447 (1111116111
1296 4376 1404 4441 omnis
1425 4375 1652 4456 interpretatio
1670 4374 1843 4455 respuitur.
1878 4371 2071 4437 Formulam
2094 4395 2173 4440 vero
2190 4394 2261 4440 con·

277 4452 477 4517 confessione
506 4472 572 4515 non
601 4451 730 4516 videtur
759 4452 845 4516 iusta
873 4471 943 4516 esse
964 4451 1055 4528 ratio,
1079 4471 1139 4515 cur
1159 4450 1247 4515 inter
1297 4462 1444 4527 fessionis
1476 4459 1645 4542 amphori,
1675 4477 1758 4542 quae
1790 4458 1860 4525 sino
1891 4459 2079 4524 disorimine
2105 4460 2142 4524 in
2164 4480 2261 4525 unum

276 4560 311 4602 se
344 4537 474 4621 litigent
502 4539 590 4601 servi
624 4536 765 4634 Christi,
795 4535 889 4601 modo
920 4535 960 4601 de
981 4535 1124 4633 genuino
1146 4556 1244 4601 sensu
1296 4547 1483 4613 fffiojoulum
1512 4544 1730 4611 damnationis
1764 4566 1877 4610 omnes
1904 4544 2063 4623 involvit,
2091 4546 2149 4629 qui
2174 4565 2262 4628 pm.

277 4624 457 4689 1011111111·
502 4622 684 4688 Valdeflsses
716 4621 1247 4704 81111111111111111111011111111111111
1297 4632 1361 4699 eise
1383 4652 1450 4697 non
1472 4631 1617 4696 fatentur
1639 4651 1758 4713 penem
1780 4652 1850 4696 esse
1867 4630 2132 4713 praesentissime
2143 4630 2262 4697 Christi

276 4709 554 4774 coniunctissimos
576 4729 716 4773 manere.
756 4706 823 4773 Sed
844 4728 909 4772 non
932 4707 1080 4773 videmus
1102 4729 1160 4773 our
1177 4727 1246 4771 ma·
1296 4739 1413 4803 corpus
1437 4717 1939 4797 (hiereoitgmugeorummbgj
1962 4736 2003 4781 an
2025 4716 2075 4782 fag
2097 4717 2143 4782 git
2164 4716 2262 4784 opu-js.

1296 4805 1384 4871 tiano
1407 4802 1541 4882 homini,
1553 4801 1716 4868 videritis:
1739 4810 1896 4868 noscerte
1918 4824 1983 4867 non
2003 4811 2168 4885 putamus.
2193 4801 2262 4866 Etsi

1296 4911 1373 4959 vero
1391 4897 1542 4954 nostrum
1564 4909 1629 4952 non
1652 4896 1702 4953 est
1723 4888 1901 4972 quidquam
1923 4888 2014 4954 vobis
2036 4888 2261 4971 praescribere,

379 4981 410 5046 4)
429 4981 503 5035 Hinc
519 4981 616 5048 r'acipit
632 4986 721 5035 tatae
736 4982 892 5049 impressus.

379 5049 409 5115 b)
429 5049 496 5105 Noa
522 5050 555 5103 de
584 5065 668 5103 coena
693 5049 764 5110 sola,
795 5065 888 5103 aarum
914 5049 947 5102 dc
973 5048 1140 5118 Acarnan
1164 5062 1245 5118 quam

277 5119 388 5199 qnidam
411 5122 492 5172 etum
516 5118 653 5182 [rasabae
674 5116 828 5172 somiein
853 5117 996 5173 aarum
1022 5118 1153 5174 vectant
1192 5112 1248 5184 Qui
1398 5109 1427 5173 6)
1447 5109 1642 5164 antonionum
1659 5115 1802 5164 temnunt
1818 5109 1878 5164 edd·

277 5204 307 5242 ιιι
321 5189 391 5308 ὤιξε
417 5187 530 5257 synodis
556 5186 778 5242 Moruaimttbur
804 5201 862 5239 eam
896 5191 1065 5241 recusarunt.
1110 5184 1245 5256 (Gindely
1297 5250 1303 5264 ⁵
1398 5177 1427 5304 qt)
1448 5177 1593 5248 3141111110
1609 5195 1628 5232 11
1647 5177 1721 5234 30²⁰
1743 5181 1853 5246 01111111,
1877 5192 1962 5248 “W
1984 5178 2023 5233 “d
2045 5179 2141 5234 ”³0⁰³
2164 5193 2213 5246 W
2233 5192 2260 5230 ὅθ

274 5272 303 5322 ιι.
373 5260 394 5319 .)
1294 5262 1427 5320 ingerun.
1922 5261 1924 5265 ·
