4754 5880
261 297 304 361 59
1010 287 1270 357 ΕΡΙΒΤΟΒΑΕ
1292 294 1505 356 atet-240⁵
2217 293 2257 354 60

347 482 382 549 S.
417 483 589 549 Prioribus
622 483 688 548 tuis
718 481 824 546 literis
854 480 921 544 iam
953 477 1194 563 responderam,
1208 477 1232 558 ¹)
1285 479 1453 545 ecclesiola
1473 478 1653 545 fidemeius
1674 484 1813 561 sequuta
1823 477 1973 561 precibus
1990 479 2257 557 eiusobtinuerit,

262 569 442 636 clarissime
464 570 567 634 viret
594 565 786 634 honorande
808 566 958 643 Domine,
988 585 1089 648 quum
1112 564 1234 629 alterae
1286 564 1370 647 quod
1389 567 1532 649 optabat,
1555 585 1593 630 ac
1611 567 1749 648 pastoris
1771 564 1914 630 officium
1932 587 1968 630 re
1989 565 2062 646 ipsa
2080 564 2258 630 detulerit?

262 657 345 720 mihi
366 655 512 722 redditae
539 664 625 733 sunt,
637 659 664 729 2)
692 653 810 736 quibus
843 671 952 715 meum
973 650 1021 715 de
1043 650 1234 717 Gallicanae
1286 652 1464 735 Perperam
1486 672 1564 735 ergo
1585 662 1618 715 et
1639 651 1759 716 iniuste
1776 659 1898 714 metam
1921 650 1963 715 de
1984 652 2054 716 eius
2076 651 2260 718 ministerio

262 741 425 818 eeclesiae,
459 762 542 821 quae
575 738 661 823 apud
694 757 754 804 vos
785 749 852 811 est,
886 735 1030 801 dissidiis
1061 735 1234 802 consilinm
1286 740 1541 803 controversiam
1558 737 1625 801 iam
1639 737 1908 813 ftdsseexistimo,
1922 747 1959 800 ut
1975 757 2104 818 semper
2120 745 2260 803 testams

285 827 423 904 astulas,
456 848 519 908 quo
546 825 667 892 certius
695 823 773 906 quid
796 821 876 888 utile
905 822 948 886 sit
975 822 1062 887 factu
1091 829 1234 887 statuere
1286 844 1369 886 sum.
1405 822 1453 889 Ut
1480 835 1588 886 tamen
1618 824 1759 905 ingenue
1788 823 1892 886 fatear
1918 822 2002 904 quod
2032 823 2153 898 sentio,
2183 844 2259 906 pars

261 848 367 979 fiuent.
404 912 476 996 Ego
489 915 516 988 ⁸)
540 931 619 976 vero
639 911 710 976 Deo
740 930 806 973 non
829 907 982 992 vulgares
1011 929 1072 991 ago
1100 909 1233 992 gratias,
1286 909 1448 974 nonnulla
1469 908 1581 990 culpae
1604 909 1644 973 ab
1667 909 1737 989 ipso
1756 906 1932 973 Valerarulo
1954 907 2084 973 videtur
2105 911 2259 992 profecta,

261 1000 355 1063 cuius
386 996 527 1061 mirabili
567 995 772 1078 providentia
809 995 931 1058 laetum
971 1002 1038 1069 est,
1079 1002 1116 1057 ut
1154 992 1235 1058 haec
1287 996 1342 1076 qui
1375 1004 1490 1077 sponte
1523 1015 1558 1059 se
1591 993 1741 1059 electioni
1774 992 1920 1070 subiecit,
1932 997 1959 1072 7)
1992 1014 2091 1076 quum
2126 997 2261 1060 minime

261 1084 405 1166 cognitio
427 1082 468 1146 ad
491 1103 566 1147 eum
588 1083 747 1147 arbitrum
771 1079 913 1152 veniret,
942 1080 997 1161 qui
1019 1078 1176 1144 haetenus
1198 1099 1235 1144 se
1286 1101 1368 1163 opus
1390 1081 1487 1145 foret:
1518 1089 1555 1143 ut
1576 1079 1683 1145 solent
1703 1079 1880 1158 interdum,
1904 1081 1991 1144 inter
2012 1083 2262 1146 contentionum

261 1168 366 1234 modis
395 1169 546 1233 omnibus
572 1175 699 1249 patrem
726 1167 865 1230 miserae
894 1165 1047 1230 ecclesiae
1076 1163 1233 1230 exhibuit
1287 1167 1443 1248 impetus,
1474 1164 1578 1229 multa
1606 1164 1723 1231 leviter
1751 1165 1893 1230 effluere.
1937 1166 2064 1229 Verum
2093 1167 2123 1230 si
2150 1167 2261 1232 minus

262 1254 334 1319 Tua
362 1255 451 1318 enim
477 1253 653 1335 praecipue
680 1260 714 1316 et
735 1251 777 1316 D.
801 1250 941 1333 Adolptltl
954 1255 981 1328 ⁴)
1004 1270 1103 1332 opera
1124 1249 1234 1332 hospi·
1287 1250 1466 1334 prudenter
1487 1251 1705 1316 ministerium
1733 1272 1829 1316 suum
1858 1250 2053 1317 labefactare
2081 1253 2174 1318 visus
2202 1267 2261 1332 est,

262 1340 348 1404 tium
379 1341 452 1406 istic
484 1337 601 1422 adepta
633 1349 692 1402 est.
742 1338 850 1418 Atque
883 1347 920 1401 ut
953 1357 1025 1400 eam
1057 1334 1235 1401 liberaliter
1286 1358 1352 1402 non
1376 1346 1486 1401 tamon
1509 1337 1589 1401 haec
1616 1337 1754 1403 labilitas
1775 1357 1889 1401 eorum
1910 1337 2181 1420 ingratitudinem
2204 1360 2261 1404 ex·

262 1426 362 1491 eratis
384 1425 543 1507 amplexi,
572 1425 681 1488 fovere
702 1430 736 1488 et
756 1424 871 1488 iuvare
893 1442 1059 1504 nunquam
1082 1419 1233 1486 desiistis.
1287 1432 1391 1500 cusat,
1425 1423 1542 1505 quibus
1571 1422 1682 1487 debuit
1710 1423 1824 1488 maiori
1853 1443 1924 1488 esse
1950 1424 1986 1487 in
2012 1424 2127 1505 pretio,
2161 1445 2261 1505 quum

261 1512 407 1577 Etnunc
429 1511 543 1593 optimi
566 1519 599 1574 et
620 1508 802 1575 fidelissimi
824 1509 954 1590 patroni
977 1528 1097 1572 munus
1109 1507 1233 1588 imples,
1287 1518 1356 1573 tam
1374 1509 1506 1573 uberem
1526 1508 1596 1573 eius
1617 1509 1760 1574 fructum
1778 1509 1992 1590 perciperent.
2029 1509 2124 1574 Fecit
2145 1508 2262 1574 deinde

263 1596 341 1661 dum
363 1595 547 1661 molestiam
571 1596 655 1660 hanc
674 1595 838 1676 suscipere
861 1615 926 1657 non
946 1593 1104 1677 gravaris.
1145 1591 1235 1657 Satis
1288 1595 1369 1659 haec
1391 1593 1554 1672 alienatio,
1577 1605 1699 1659 utnon
1721 1594 1816 1659 modo
1839 1594 1968 1659 fastidio
1986 1605 2072 1659 esset
2090 1594 2264 1662 Valerandi

263 1683 406 1759 bonimio,
433 1703 530 1764 quam
552 1681 658 1745 multa
679 1679 812 1745 tandem
834 1679 942 1744 taedia
963 1679 1024 1743 tibi
1046 1677 1236 1744 devoranda
1288 1680 1446 1756 doctrina,
1469 1680 1526 1745 sed
1548 1701 1661 1744 omnes
1683 1681 1753 1744 eius
1775 1680 1919 1746 actiones
1940 1681 1975 1744 iu
1998 1681 2167 1746 sinistram
2188 1701 2262 1764 par·

261 1769 397 1845 inerint,
426 1789 490 1850 quo
520 1768 591 1850 plus
619 1765 725 1831 laudis
748 1774 892 1829 meretur
922 1765 1023 1828 animi
1052 1764 1102 1828 tui
1124 1764 1235 1829 mode·
1287 1775 1355 1831 tem
1383 1766 1612 1831 traherentur:
1647 1766 1729 1840 forte
1759 1767 1857 1830 etiam
1886 1766 2083 1831 Valcrandns
2113 1776 2183 1831 tum
2212 1769 2263 1831 in·

263 1852 356 1931 ratio,
374 1874 440 1935 qna
450 1854 572 1918 sactum
589 1862 649 1931 est,
667 1862 705 1915 ut
723 1850 890 1916 obstacula
901 1849 1011 1915 omnia
1022 1851 1236 1932 superaveris.
1288 1852 1381 1917 festis
1411 1872 1525 1916 eorum
1555 1851 1638 1917 odiis
1671 1873 1706 1916 se
1734 1855 1848 1916 vexari
1877 1872 2029 1930 cernens,
2063 1862 2134 1918 tum
2164 1855 2264 1917 etiam

264 1937 424 2021 Superest
449 1947 618 2003 extremus
646 1947 747 2016 aetus,
780 1957 886 2018 quem,
920 1944 957 2000 ut
985 1956 1088 2019 spero,
1122 1933 1235 2001 eodem
1288 1945 1440 2002 metuens
1463 1957 1482 2000 a
1503 1938 1614 2019 pravis
1637 1948 1670 2002 et
1691 1937 1830 2020 obliquis
1858 1938 1990 2016 studiis,
2021 1937 2147 2003 idoneis
2170 1960 2265 2020 prae·

263 2025 396 2090 virtutis
419 2032 532 2089 tenore
554 2024 710 2088 absolves.
752 2019 913 2102 Quamvis
936 2030 1043 2086 autem
1066 2020 1235 2087 ecclesiam
1288 2024 1380 2089 sidiis
1402 2045 1437 2089 se
1458 2025 1587 2088 munire
1610 2024 1759 2101 voluerit,
1789 2023 1836 2087 illi
1859 2031 1973 2089 contra
1994 2024 2035 2088 ad
2057 2045 2132 2088 eum
2154 2024 2189 2088 in
2212 2046 2264 2090 or·

262 2109 384 2176 talibus
415 2109 583 2175 discordiis
616 2110 752 2174 lacerari
781 2107 876 2172 triste
907 2109 949 2172 ait
971 2129 1009 2173 aa
1041 2108 1235 2184 luctuosum,
1289 2108 1398 2174 dinem
1428 2109 1610 2193 cogendum
1640 2118 1708 2174 toto
1738 2111 1845 2174 animo
1875 2110 1993 2173 intenti
2020 2118 2136 2175 essent.
2174 2110 2264 2176 Hinc

264 2196 325 2261 hoc
343 2195 510 2260 tamenin
524 2193 620 2259 malis
637 2216 704 2259 non
725 2193 800 2258 leve
823 2192 976 2258 solatium
996 2203 1055 2269 est,
1078 2194 1236 2257 divinitus
1288 2196 1453 2260 seniorum
1493 2196 1607 2261 electio
1646 2197 1789 2277 primum
1829 2197 2089 2274 contentionem,
2136 2217 2265 2279 pugnas

263 2282 444 2346 remedium
462 2280 608 2344 oblatum
630 2301 710 2357 esse,
733 2300 795 2361 quo
818 2278 924 2343 sedari
942 2288 1072 2361 queant,
1095 2281 1123 2343 si
1141 2278 1235 2343 modo
1289 2279 1407 2347 deinde
1440 2289 1563 2347 atroces
1596 2283 1730 2363 peperit.
1743 2283 1772 2362 8)
1819 2282 1909 2346 Dum
1944 2283 2100 2363 utrinque
2133 2282 2169 2345 in
2202 2281 2264 2348 hoc

263 2388 330 2432 non
347 2388 480 2449 prorsus
498 2375 654 2431 maneant
686 2364 884 2430 insanabiles
906 2364 1024 2447 quibus
1046 2373 1082 2428 tu
1100 2373 1237 2446 paterna
1288 2387 1385 2432 cursu
1408 2374 1567 2450 pergunt,
1598 2367 1669 2431 fieri
1692 2376 1811 2450 potest,
1841 2376 1879 2430 ut
1901 2366 2061 2449 quaedam
2081 2366 2265 2432 exciderint

262 2451 514 2518 mansuetudine
544 2452 713 2517 consulere
742 2459 875 2533 paratus
905 2452 977 2516 eris.
1024 2451 1099 2514 Etsi
1128 2460 1236 2514 autem
1297 2454 1487 2528 Valerando,
1519 2474 1602 2534 quae
1624 2473 1690 2517 non
1720 2454 1790 2517 sinc
1820 2451 1980 2535 probabili
2011 2454 2116 2519 colore
2146 2455 2200 2518 isti
2228 2455 2265 2519 in

263 2539 344 2603 satis
366 2539 425 2602 tibi
452 2537 646 2620 prudentiae
673 2547 845 2619 suppetere
873 2536 1009 2612 confido,
1036 2559 1101 2619 qua
1123 2557 1180 2618 per
1203 2545 1236 2600 te
1288 2541 1412 2602 crimen
1435 2549 1597 2620 torquent.
1639 2540 1780 2603 Fatetur
1801 2540 1871 2622 ipse
1894 2539 2021 2617 alicubi,
2032 2542 2060 2619 ⁹)
2082 2560 2117 2603 se
2138 2540 2265 2623 incogi-

263 2633 370 2688 totum
393 2625 559 2708 negotium
582 2624 757 2706 transigas,
779 2621 856 2704 quia
877 2632 987 2686 tamen
1010 2643 1068 2704 pro
1091 2631 1147 2686 tua
1169 2642 1237 2686 mo·
1289 2625 1394 2689 tantia
1415 2624 1544 2707 lapsum
1566 2646 1647 2701 esse,
1670 2624 1786 2689 durius
1806 2645 1881 2688 eum
1900 2635 1997 2708 urget
2018 2625 2156 2689 adversa
2176 2646 2264 2707 pars,

264 2708 368 2775 desua
397 2711 591 2774 sententiam
621 2729 727 2772 meam
754 2707 867 2772 audire
897 2709 1003 2790 nupia,
1034 2707 1236 2772 familiariter
1288 2720 1321 2775 et
1343 2724 1430 2776 certe
1453 2710 1539 2793 quod
1561 2711 1651 2793 prior
1673 2711 1795 2788 electio,
1826 2711 1976 2792 quamvis
1998 2711 2143 2775 nondum
2166 2711 2265 2793 plane

264 2804 297 2859 et
317 2794 426 2872 libore,
450 2795 606 2877 quidquid
629 2796 743 2869 sentio,
765 2791 826 2857 tibi
848 2814 1020 2876 exponam.
1288 2798 1413 2860 sancita
1430 2805 1524 2873 esset,
1548 2799 1581 2858 in
1602 2796 1742 2860 nihilum
1765 2794 1896 2861 redacta
1914 2796 1985 2873 fuit,
2007 2796 2265 2878 reprehensione

348 2882 498 2946 Primum
521 2882 675 2964 suspicor,
706 2879 961 2963 tuperatione)
985 2888 1017 2943 et
1038 2879 1161 2943 similes
1183 2890 1236 2953 (ut
1289 2904 1354 2946 non
1384 2899 1482 2947 caret.
1529 2883 1607 2946 Alia
1633 2893 1818 2965 praetereo,
1851 2883 2024 2963 inquibus
2058 2882 2178 2946 nollem
2212 2882 2268 2949 vel

263 2988 359 3049 saepe
381 2967 514 3050 ingenia
536 2966 737 3049 discrepant)
768 2964 939 3031 Valetandi
966 2965 1071 3029 nostri
1092 2966 1235 3030 moribus
1287 2968 1393 3033 malae
1433 2969 1508 3032 fidei
1549 2968 1600 3032 vol
1641 2967 1826 3032 ambitionis
1867 2967 2079 3032 Valerandnm
2114 2982 2266 3033 nostrum

264 3052 405 3118 offensos
424 3054 520 3116 nimis
539 3051 654 3135 cupide
674 3052 849 3135 arripuisse
867 3052 1071 3116 alienationis
1089 3071 1235 3116 oausam:
1289 3053 1460 3129 damnare,
1491 3055 1574 3119 sicut
1601 3054 1656 3118 isti
1684 3054 1843 3136 flagitant.
1887 3051 2046 3134 Optarem
2075 3062 2163 3118 certe
2184 3075 2266 3137 pru·

263 3159 301 3202 ac
324 3139 395 3203 fieri
417 3147 531 3220 potest,
554 3149 593 3201 ut
612 3139 692 3201 vitia
709 3136 868 3219 quaedam
890 3137 970 3219 ipsis
988 3136 1104 3201 merito
1123 3135 1236 3219 displi-
1289 3138 1420 3203 dontius
1449 3140 1569 3222 egisse,
1598 3160 1639 3201 ne
1667 3138 1839 3203 calumniis
1867 3137 1952 3202 foret
1980 3140 2150 3205 obnoxius.
2196 3139 2267 3205 Sed

263 3224 406 3288 cuerint:
436 3223 494 3289 sed
523 3224 584 3287 aeli
613 3223 846 3287 inconsiderati
867 3223 976 3287 fervor
997 3223 1086 3287 ultra
1112 3223 1236 3288 iustum
1290 3223 1419 3290 difficile
1442 3234 1492 3288 est
1518 3245 1646 3307 semper
1675 3227 1761 3287 inter
1782 3226 1963 3289 certamina
1985 3235 2096 3290 tenere
2118 3225 2265 3290 modum.

263 3308 395 3374 modum
414 3330 469 3373 eos
492 3309 635 3392 impulit.
672 3310 770 3374 Oerte
788 3308 849 3375 hoo
871 3308 945 3391 plus
967 3329 1064 3390 quam
1087 3309 1236 3391 iniquum
1289 3311 1422 3374 interea
1439 3310 1760 3392 videoAnpnslinnm
1779 3321 1813 3374 et
1829 3310 1971 3392 reliquos
1989 3313 2157 3388 exarsisse,
2177 3312 2266 3392 quod

261 3394 334 3472 tuis,
356 3393 451 3477 quod,
475 3404 512 3459 ut
532 3395 718 3459 ministerio
740 3417 814 3459 eum
838 3394 1024 3469 deiicercnt,
1047 3403 1237 3475 praetexere
1290 3416 1347 3477 spe
1375 3417 1435 3460 sua
1465 3397 1615 3478 votisque
1644 3395 1792 3459 frustrati
1822 3395 2033 3461 Valerandnm
2062 3398 2266 3479 superiorem

261 3488 454 3563 coeperunt,
484 3480 632 3545 nondum
660 3482 760 3546 fuisse
788 3481 926 3546 electum
954 3490 1125 3562 pastorem.
1170 3477 1237 3560 Qui
1289 3481 1453 3547 videbant.
1467 3484 1506 3560 ¹⁰)

262 3567 349 3630 enim
369 3587 409 3629 ex
433 3566 563 3631 funesta
583 3566 791 3650 dissipatione
803 3571 830 3643 ⁶)
853 3566 1008 3649 exiguum
1027 3586 1159 3649 gregem
1178 3586 1238 3630 sno
1374 3567 1536 3649 Equidem
1568 3567 1604 3631 in
1638 3567 1740 3632 amico
1770 3589 1842 3632 meo
1871 3567 1912 3632 D.
1938 3567 2053 3633 Seeelia
2085 3568 2168 3633 mihi
2203 3570 2265 3635 hoo

261 3650 373 3715 labore
396 3651 582 3735 collegerat,
596 3653 719 3735 absque
731 3652 858 3716 solenni
870 3653 937 3715 ritu
949 3652 1115 3735 legitimus
1128 3650 1239 3715 debuit
1289 3673 1356 3717 non
1385 3653 1557 3735 probatur,
1592 3653 1676 3734 quod
1702 3654 1840 3717 senioris
1862 3674 1998 3718 munere
2027 3660 2103 3719 ante
2133 3663 2264 3738 tempus

261 3737 393 3820 agnosci
410 3746 530 3819 pastor.
565 3735 655 3818 Quid
674 3739 761 3802 enim
780 3738 945 3820 suffragiis
962 3758 1045 3821 opus
1063 3737 1126 3801 suit
1137 3757 1236 3819 quum
1288 3761 1323 3803 se
1346 3737 1552 3804 abdicaverit.
1565 3743 1607 3816 ¹¹)
1640 3738 1746 3819 Quam
1770 3740 1873 3803 iustas
1892 3739 2043 3804 habuerit
2059 3761 2176 3806 causas
2194 3761 2264 3806 non

795 3827 796 3831 ’
1289 3825 1436 3907 disputo:
1465 3826 1542 3908 quia
1568 3846 1665 3890 suum
1693 3824 1866 3892 consilium
1888 3825 1949 3891 hac
1975 3825 2011 3889 in
2033 3847 2070 3891 re
2091 3847 2263 3908 nunquam

232 3979 234 3983 ,
1288 3910 1370 3974 mihi
1393 3913 1530 3993 aperuit,
1554 3920 1588 3975 et
1608 3912 1670 3976 hac
1693 3911 1733 3975 de
1755 3932 1791 3975 re
1814 3910 1896 3975 nihil
1917 3911 2000 3975 mihi
2021 3911 2174 3990 innotuit,
2198 3914 2264 3980 nisi

261 3974 394 4110 ²4⁰⁴ss
411 3975 695 4099 &Quartana
1288 4018 1331 4061 ex
1366 3996 1540 4061 Valerandi
1572 3997 1686 4060 relatu.
1732 3997 1853 4062 Forma
1887 4008 1993 4061 tamen
2028 3997 2146 4081 agendi
2179 4000 2263 4063 mihi

363 4112 392 4180 3)
429 4114 579 4168 vacillasse
596 4115 716 4182 prinam
733 4114 893 4179 scripserat:
912 4113 971 4180 Ego
986 4112 1168 4166 veroGhristo
1182 4128 1235 4165 non
1289 4081 1447 4164 di⁸Pli⁰⁰ts
1470 4083 1546 4164 qnia
1566 4084 1798 4165 intempffitiw
1818 4084 1889 4157 Μ’
1912 4095 1946 4147 et
1966 4083 2121 4149 ⁰⁰⁰l⁰⁸i³⁰
2143 4105 2263 4166 pamm

260 4182 384 4249 vulgares
410 4199 461 4252 ago
480 4185 590 4304 (pretias
618 4183 664 4302 qdi
688 4191 715 4234 te
738 4181 772 4233 ad
801 4181 869 4233 hanc
892 4182 1043 4234 molestiam
1068 4181 1236 4234 subeundam
1288 4167 1388 4233 utilia.
1434 4168 1480 4234 Ut
1501 4168 1585 4232 mihi
1605 4177 1771 4251 comperta
1792 4179 1842 4234 est
1864 4168 2007 4233 hominis
2033 4169 2206 4253 integritas
2229 4182 2263 4235 et

260 4251 359 4330 spiritu
376 4267 426 4304 eno
444 4252 479 4303 ad
500 4252 567 4313 urit,
592 4251 615 4303 ei
652 4256 763 4304 actenus
781 4256 911 4317 patronus
928 4250 1003 4302 fuisti
1021 4251 1135 4302 miserae
1153 4250 1236 4302 eccle·
1287 4252 1423 4332 candor,
1457 4254 1511 4336 pio
1544 4255 1662 4320 affectu
1694 4256 1874 4338 impulsum
1903 4254 2005 4319 fuisse
2037 4276 2103 4319 non
2136 4256 2261 4322 dubito·

261 4335 323 4371 arae.
362 4318 429 4372 Non
451 4320 533 4389 liquet
557 4328 649 4372 utram
670 4319 830 4386 Gloubnroo
848 4321 993 4372 arbitrium
1010 4319 1127 4372 &mlum
1146 4322 1181 4371 sit
1198 4335 1235 4372 an

261 4388 319 4454 ipae
337 4402 365 4468 ae
382 4395 476 4456 sponte
494 4389 669 4468 irradiatorem
687 4388 813 4467 obtnkrit
829 4388 891 4440 istis
913 4388 1067 4442 bominibus
1084 4389 1133 4467 qni
1150 4388 1190 4441 cel
1206 4392 1237 4440 in
1287 4340 1422 4490 Yssrum'
1446 4362 1474 4405 ⁸¹
1493 4340 1570 4488 qllltd
1588 4342 1745 4439 powm’
1768 4341 1924 4406 damnare
1941 4341 2038 4419 malo’
2061 4362 2160 4423 quam
2178 4344 2261 4407 Μ’

261 4456 560 4589 tteretis
576 4458 1236 4579 tentatationes
1288 4447 1317 4490 ⁰¹
1406 4436 1579 4507 ⁹f³⁰t¹¹¹

261 4593 392 4661 pestilens
419 4596 560 4647 sonantum
588 4593 671 4658 (1557
697 4594 728 4646 a
757 4592 874 4657 mana
906 4565 965 4648 elz.
992 4565 1060 4647 nai
1085 4592 1128 4645 11.
1179 4595 1235 4662 eo.)

262 4659 330 4715 dicit
345 4679 372 4730 p.
390 4661 442 4715 222
469 4680 496 4716 se
520 4663 626 4743 Beyero
652 4668 749 4717 cutm
774 4661 846 4741 bunc
869 4660 1024 4730 Adolpbnm
1050 4662 1160 4728 adiisse,
1185 4679 1235 4730 per
1308 4736 1313 4745 θ
1390 4663 1419 4746 'll
1437 4663 1501 4744 Hoc
1519 4666 1673 4732 nuperrime
1694 4664 1799 4745 (actara
1820 4665 1908 4729 luisse
1931 4665 2051 4729 videtur,
2075 4682 2158 4733 qaam
2176 4673 2259 4721 antea

261 4745 338 4799 Μ
356 4738 497 4866 diffidddc
507 4732 895 4854 mmogfflprffim
917 4803 1127 4867 onusqncnnnt
1150 4807 1235 4868 notat,
1287 4749 1345 4787 em
1362 4735 1611 4872 '‘lifginaddqnnudld
1628 4739 1805 4856 ‘demlmdnt
1829 4804 1939 4870 saepiae
1956 4802 2057 4857 dietam
2074 4803 2123 4868 eit,
2149 4806 2175 4856 ci
2198 4807 2260 4860 atti·

261 4883 318 4921 non
336 4876 427 4948 tanen
444 4870 551 4928 initiae
567 4871 608 4922 ire
624 4868 732 4922 videtur
749 4871 816 4936 quin
833 4873 859 4922 et
875 4867 1077 4935 ipsePollanus
1090 4869 1131 4924 al'
1202 4886 1235 4924 ea
1270 4876 1392 4925 'onmia
1416 4872 1595 4939 expositionis
1618 4879 1734 4925 tenorem
1757 4874 1920 4938 respexeris,
1946 4872 2013 4926 baec
2038 4887 2143 4940 quoqne
2169 4874 2260 4928 electio

259 4941 495 5018 parteiisaneam
508 4939 649 5018 clamandi
663 4937 828 5006 praemit.
854 4934 962 4990 Nomen
973 4938 1000 4990 ei
999 4937 1065 5057 5snit
1075 4938 1116 4992 Le
1170 4939 1235 5005 and,
1286 4956 1378 4994 recena
1394 4941 1471 5003 tacta
1488 4940 1602 5020 videtur.
1632 4940 1726 4995 Etiam
1739 4941 1816 5021 intra
1831 4940 1864 4994 de
1876 4942 1972 5022 priore
1989 4941 2259 5021 electionelpquitur.

261 5011 287 5059 el
304 5014 423 5064 occurrit
440 5024 469 5060 m
488 5006 574 5060 Aetne.
611 5007 685 5070 (Ra.
704 5005 771 5060 Hdl.
790 5006 813 5058 I.
833 5006 903 5058 Betl.
922 5005 964 5058 23.
981 5005 999 5056 2
1018 5013 1037 5071 .)
1388 5008 1417 5075 9)
1438 5008 1600 5079 thnadem
1618 5010 1816 5064 consancta
1831 5011 1972 5077 prioribus
1989 5010 2119 5077 epistolio.

365 5075 393 5141 6)
414 5076 474 5130 Hoc
496 5077 604 5144 insigne
628 5075 777 5128 Valerandi
799 5076 923 5126 meritum
947 5076 1028 5128 aiam
1049 5077 1118 5131 alibi
1139 5076 1234 5129 adoer-
1373 5077 1416 5142 10)
1435 5079 1468 5131 In
1486 5094 1558 5132 noca
1574 5079 1631 5133 ecel.
1646 5079 1770 5134 electione
1786 5092 1842 5147 otta
1859 5079 2014 5135 adversarii
2031 5079 2097 5132 viai
2110 5077 2233 5142 fuerunt.

155 5196 157 5200 Α
262 5145 347 5197 emis
373 5145 602 5198 considerandum
626 5143 759 5211 proponit
778 5141 830 5206 (N.
849 5140 926 5197 2363.
943 5141 1024 5209 2402)
1051 5146 1151 5215 qnippe
1176 5148 1235 5199 eine
1376 5148 1420 5211 ll)
1440 5146 1484 5200 De
1503 5147 1603 5203 Seaelio
1629 5148 1669 5201 ito
1696 5147 1815 5215 leqnitm
1837 5153 1868 5200 ut
1895 5164 1953 5202 etim
1975 5163 2008 5201 ea
2035 5147 2259 5205 Montanorum

261 5215 340 5266 enine
356 5213 507 5281 madentia
522 5213 640 5278 (ortaem
658 5212 727 5267 niliil
743 5211 917 5266 obtinuerint.
1284 5230 1395 5270 namna
1413 5217 1527 5274 mirone
1543 5216 1677 5272 videatur.
