4688 5910
257 305 322 369 ’139
949 395 950 401 ¹
1024 396 1027 402 υ
1091 297 1323 366 EPISuOLA
1345 301 1428 362 2776
2199 305 2259 367 740

258 509 322 567 ras,
344 487 431 569 quod
459 487 522 551 dici
545 487 637 564 solet,
659 486 783 566 recidit,
806 487 863 552 sed
886 488 920 551 in
943 487 1131 553 incendium
1154 509 1230 552 eru·
1282 488 1352 570 ipse
1381 508 1441 570 pro
1471 508 1531 552 sua
1561 488 1681 569 pietate
1704 508 1817 553 amnes
1840 490 2040 571 pertentavit
2070 487 2258 555 concordiae

258 576 307 657 pit
329 573 478 649 validius,
501 593 755 656 quamunquam
773 583 849 637 ante
869 574 1008 639 amicam
1031 574 1121 638 illam
1144 575 1230 656 paci·
1282 574 1363 638 vias.
1402 573 1526 637 Verum
1549 574 1583 637 in
1602 594 1699 655 quem
1716 575 1816 638 finem
1839 575 1950 657 erupit
1971 575 2181 656 colloquium,
2205 584 2258 640 aut

260 661 446 726 ficationem
479 659 594 724 fuerat.
639 659 773 723 Etenim
795 659 837 724 D.
862 659 1018 725 Latltcrus
1040 660 1137 743 paulo
1161 667 1232 741 post
1283 680 1366 741 quae
1387 657 1435 722 illi
1458 680 1533 742 spes
1555 661 1663 724 mutui
1685 679 1861 726 consensus
1884 671 1998 743 aperta
2014 660 2089 726 est?
2128 661 2257 726 Diserte

258 744 380 811 librum
423 744 518 809 illum
557 746 790 827 germanicum,
830 745 961 810 brevem
996 747 1232 811 confessionem
1284 755 1316 808 et
1349 746 1471 825 absque
1509 744 1679 810 involucro
1718 746 1787 827 ipse
1819 747 1978 828 Princeps
2017 746 2257 812 illustrissimus

259 831 468 914 appellatum,
497 831 533 894 in
553 852 612 896 nos
642 830 795 913 profudit,
818 831 853 894 in
876 853 939 913 quo
962 839 1010 895 tot
1029 833 1232 896 haeresum*
1283 830 1331 893 illi
1358 829 1480 895 dixisse
1509 831 1627 895 fertur:
1661 829 1700 895 Si
1723 833 1772 895 vis
1800 840 1931 913 pacatas
1954 832 2066 898 videre
2097 832 2256 909 ecclesias,

259 916 560 1000 haereticorumque
572 923 719 981 monstra
739 917 832 981 nobis
854 917 963 994 infert,
987 927 1098 1000 totque
1121 917 1232 981 diabo·
1284 915 1519 998 delectarisque
1552 924 1722 999 tantopere
1758 939 1835 982 vera
1869 927 1901 982 et
1933 918 2046 983 stabili
2074 918 2255 996 concordia,

257 1001 363 1067 lorum
394 1002 543 1085 plaustra
569 1002 605 1064 in
632 1023 692 1066 nos
721 1012 888 1080 exonerat,
911 1001 1039 1068 diabalo
1062 1012 1095 1068 et
1118 1024 1177 1067 nos
1198 1011 1231 1067 et
1283 1022 1421 1085 agnosce
1451 1002 1646 1083 simpliciter
1668 1002 1754 1085 Aug.
1778 1004 2015 1068 confessionem
2039 1012 2071 1068 et
2099 1006 2165 1069 tuis
2194 1004 2256 1070 illis

258 1100 387 1153 sanctas
409 1088 481 1152 illas
503 1087 629 1154 Christi
651 1086 803 1153 ecclesias
826 1088 967 1153 tradens.
1283 1089 1316 1151 in
1339 1088 1475 1153 ecclesia
1498 1089 1745 1170 peregrinarum
1768 1088 1954 1154 hominibus
1982 1090 2193 1174 persuadeto,
2221 1100 2256 1156 ut

343 1174 515 1238 Praeterea
545 1173 719 1255 colloquuti
747 1195 860 1238 sumus
890 1172 1112 1255 superioribus
1135 1174 1230 1238 annis
1255 1183 1258 1312 Ι
1282 1172 1466 1256 ubicunque
1484 1175 1552 1237 sint
1570 1174 1778 1239 Germanicis
1796 1195 1866 1239 sese
1883 1177 2084 1259 coniungant
2102 1176 2253 1240 ecclesiis.

258 1259 375 1342 Tiguri
397 1281 470 1324 cum
494 1261 535 1324 D.
551 1259 679 1324 Calvina
694 1268 792 1341 atque
805 1258 940 1336 Furcilc,
963 1260 1104 1324 dominis
1127 1259 1230 1324 colen·
1255 1313 1257 1330 ,
1368 1261 1418 1322 Ac
1441 1259 1517 1323 dum
1548 1258 1635 1324 idem
1658 1258 1713 1324 illc
1734 1260 1874 1326 Ioannes
1896 1283 1917 1325 a
1941 1262 2041 1328 Lacca
2061 1261 2162 1343 paulo
2184 1272 2255 1345 post

257 1343 400 1409 dissimis
440 1346 659 1427 fratribusque
697 1345 882 1410 carissimis.
946 1343 1139 1427 Conscripta
1180 1357 1230 1409 cst
1254 1338 1257 1400 l
1281 1344 1428 1409 libellum
1452 1343 1606 1409 edidisset
1627 1346 1680 1409 cui
1699 1347 1829 1410 titulum
1849 1348 1939 1411 fecit:
1962 1349 2123 1430 Purgatio
2142 1348 2252 1412 minis-

257 1432 435 1496 consensio.
478 1432 530 1495 Ea
558 1453 610 1495 res
648 1429 856 1510 Wcstpltalam
886 1432 1050 1507 excitavit,
1074 1434 1129 1513 qui
1153 1453 1228 1495 mox
1282 1440 1406 1494 trorum
1436 1431 1589 1496 ecelesiae
1619 1431 1865 1514 peregrinorum
1888 1433 2075 1499 Franclbrti
2098 1433 2253 1498 adversus

255 1536 369 1581 omnes
393 1537 493 1599 prope
526 1525 671 1599 pastores
690 1525 812 1582 tractus
834 1516 933 1581 maris
955 1516 1100 1582 Balthioi
1121 1519 1155 1580 in
1177 1538 1228 1581 sc·
1281 1537 1394 1579 corum
1413 1516 1603 1593 calumnias,
1626 1516 1683 1599 qui
1705 1520 1848 1599 ipsarum
1868 1518 2050 1584 doctrinam
2070 1519 2112 1583 de
2129 1519 2251 1585 Christi

256 1603 408 1667 oietatem
438 1602 516 1666 belli
544 1603 689 1677 attraxit,
718 1603 772 1684 qui
802 1623 914 1668 omnes
936 1604 1054 1666 miram
1076 1602 1227 1685 profude-
1280 1602 1416 1665 Domini
1446 1603 1480 1665 in
1510 1623 1610 1667 coena
1637 1624 1698 1667 sua
1719 1606 1903 1685 praesentia
1925 1604 2139 1670 dissensionis
2162 1625 2251 1670 accu-

256 1695 335 1751 runt
355 1689 593 1754 confessicnum
616 1689 753 1769 copiam,
776 1709 889 1753 omnes
912 1698 1021 1753 tamen
1044 1690 1076 1752 in
1097 1691 1227 1771 Augus·
1279 1698 1355 1751 sant
1384 1687 1424 1752 ab
1453 1691 1651 1770 Augustana
1678 1690 1894 1754 confessione:
1913 1695 1939 1764 ⁵)
1967 1712 2082 1773 quam,
2111 1692 2249 1765 obsecro,

256 1783 367 1838 tanam
396 1774 487 1838 illam
517 1775 736 1858 respicientes.
788 1772 877 1854 Quid
915 1774 1001 1856 quod
1030 1775 1086 1839 isti
1115 1795 1227 1838 omnes
1279 1774 1419 1854 gratiam
1446 1773 1560 1837 retulit
1589 1770 1629 1838 ab
1657 1775 1730 1839 istis
1762 1775 1971 1840 hominibus?
2006 1787 2064 1841 aut
2093 1777 2171 1859 quid
2200 1778 2250 1843 hic

255 1858 347 1923 nulla
374 1882 410 1924 re
441 1861 546 1943 magis
575 1860 692 1924 offensi
719 1868 798 1923 sunt
826 1881 924 1942 qnam
954 1860 1039 1942 quod
1075 1859 1227 1925 Calvinus
1278 1858 1480 1940 periculosus
1502 1859 1621 1941 alioqui
1650 1870 1785 1925 conatus
1814 1863 1885 1926 cius
1908 1863 2098 1928 concordiae
2121 1864 2249 1945 negotio

254 1964 348 2009 suam
378 1944 557 2011 doctrinam
576 1967 649 2011 cum
684 1948 895 2029 Augustanos
917 1946 1128 2012 confessionis
1151 1945 1226 2010 doc·
1279 1943 1441 2008 contulit?
1478 1945 1640 2009 Nolumus
1662 1946 1715 2011 hic
1739 1946 1914 2028 quidquam
1938 1948 2055 2014 dicere.
2092 1949 2248 2031 Laquua-

255 2031 352 2108 trina,
374 2042 541 2113 tamquam
553 2032 689 2095 minime
702 2031 856 2113 dispares,
880 2033 1077 2115 coniungere
1099 2031 1224 2097 voluit?
1279 2037 1332 2092 tur
1354 2032 1475 2112 scripta
1495 2033 1567 2113 ipsa
1588 2053 1669 2113 quae
1692 2042 1804 2095 contra
1826 2034 1982 2097 Ioannem
2002 2055 2025 2098 a
2042 2034 2145 2099 Lasso
2168 2034 2248 2099 hanc

254 2116 367 2198 Neque
388 2117 477 2181 enim
499 2118 701 2182 satisfaceret
722 2116 775 2182 his
797 2116 983 2182 hominibus
1004 2118 1059 2199 qui
1082 2118 1225 2181 modeste
1278 2137 1379 2179 unam
1401 2118 1440 2180 ab
1463 2136 1533 2180 rem
1552 2118 1592 2180 ab
1614 2118 1685 2181 istis
1704 2117 1891 2183 hominibus
1914 2131 1991 2184 suut
2009 2120 2111 2184 edita:
2138 2141 2248 2184 verum

253 2203 410 2267 fateretur
432 2203 576 2284 recipere
598 2224 633 2268 se
655 2203 891 2269 confessionem
914 2207 1154 2286 Augusteum,
1169 2203 1225 2267 sed
1277 2200 1354 2283 qaid
1377 2202 1457 2267 haec
1480 2223 1770 2268 commemoramus
1793 2207 1975 2288 peregrina,
1999 2227 2099 2287 quum
2125 2209 2247 2287 tuipse

253 2288 420 2353 intellectu
443 2289 495 2354 vel
517 2310 616 2354 sensu
638 2293 746 2366 suo.³)
790 2288 878 2368 Quid
901 2310 978 2372 ergo
1001 2289 1154 2353 videntur
1171 2289 1226 2352 isti
1278 2287 1338 2351 hac
1367 2296 1488 2351 aestate
1518 2290 1616 2352 semel
1647 2301 1679 2353 ct
1713 2290 1828 2353 iterum
1861 2291 2065 2372 colloquutus
2099 2292 2144 2356 sis
2177 2312 2246 2355 cum

253 2381 363 2455 petere
402 2373 501 2449 aliud,
532 2395 630 2456 quam
665 2384 710 2450 ut,
740 2375 916 2455 praeterita
945 2376 1045 2438 semel
1079 2373 1227 2439 doctrina
1278 2374 1346 2453 spei
1379 2374 1522 2437 melioris
1556 2374 1750 2438 hominibus.
1796 2379 1842 2440 At
1874 2377 1951 2459 quid
1986 2379 2161 2453 invenisti,
2194 2379 2247 2441 ab·

252 2458 460 2524 ecclesiarum
488 2470 675 2524 nostrarum
704 2468 878 2541 nostraque
913 2459 1067 2541 loquendi
1089 2461 1225 2537 ratione,
1277 2458 1390 2522 secra?
1428 2460 1594 2542 Expertus
1623 2482 1657 2524 es
1687 2461 1760 2525 illas
1782 2460 1943 2526 humanos
1965 2463 2097 2544 quidem
2121 2483 2192 2528 csse
2213 2483 2248 2527 ac

252 2544 442 2627 simpliciter
475 2546 674 2627 recipiamus
715 2546 950 2611 confessionem
986 2548 1225 2628 Augustanam,
1278 2544 1435 2627 benignos
1457 2545 1546 2620 satis,
1573 2545 1788 2611 nihilominus
1810 2555 1930 2625 tamen
1954 2549 2040 2631 quod
2062 2550 2176 2614 multis
2198 2549 2247 2614 hic

251 2651 317 2695 una
338 2652 413 2697 oum
436 2629 618 2714 Apologia?
642 2633 751 2712 Atque
773 2631 802 2695 si
824 2631 952 2712 quanda
974 2653 1033 2714 pro
1055 2631 1226 2696 sarcienda
1277 2631 1486 2711 exponimus,
1519 2651 1578 2696 nec
1611 2633 1681 2696 sine
1709 2653 1808 2697 causa
1836 2642 2006 2716 tantopere
2037 2635 2246 2709 inculcamus,

252 2715 425 2782 cuncordia
464 2715 660 2799 colloquium
695 2717 886 2781 instituatur
920 2738 993 2781 eum
1029 2716 1223 2794 Saxonibus,
1276 2714 1350 2780 illos
1371 2728 1529 2798 perpetuo
1552 2716 1593 2780 ad
1615 2717 1850 2783 cenfessionem
1861 2721 2005 2802 August.
2029 2729 2187 2804 tanquam
2208 2719 2247 2784 ad

250 2802 363 2885 procul
391 2801 488 2868 dubio
515 2823 621 2886 neque
648 2811 831 2885 postremas
862 2812 972 2885 partes
994 2803 1029 2866 in
1053 2823 1099 2879 eo,
1119 2824 1224 2885 neque
1275 2821 1403 2865 sacram
1424 2821 1592 2867 recurrere
1614 2823 1775 2880 ancoram,
1797 2804 1889 2869 illam
1910 2806 2016 2887 ipsam
2038 2818 2114 2888 post
2135 2805 2248 2890 longas

251 2888 426 2952 minimum
456 2888 688 2972 suffiagiorum
717 2908 890 2953 numerum
912 2889 1055 2954 habituri
1077 2898 1155 2954 sunt
1175 2888 1225 2952 illi
1276 2886 1428 2970 ambages
1451 2889 1635 2966 verborum,
1663 2898 1800 2971 postque
1826 2890 1997 2956 involucra
2018 2912 2150 2973 semper
2171 2892 2247 2956 obii·

251 2974 316 3056 ipsi
345 2974 523 3057 importuni
551 2974 711 3051 homines,
741 2974 798 3056 qui
825 2994 914 3041 nunc
947 2994 1075 3057 quoque
1097 2975 1224 3057 Regem
1277 2993 1359 3051 cere,
1388 2992 1426 3038 ac
1455 2974 1518 3037 nisi
1548 2974 1577 3037 ei
1607 2973 1872 3041 subscribatura
1899 2977 1993 3041 nobis
2014 2976 2178 3043 modicam
2198 3000 2247 3043 re·

252 3058 381 3125 Daciae
408 3069 443 3124 et
470 3059 654 3126 Electorem
684 3057 850 3137 Scaeuam,
881 3059 967 3142 quod
999 3061 1068 3142 ipse
1096 3082 1224 3143 quoque
1276 3058 1513 3124 conciliationis
1552 3066 1610 3124 aut
1648 3061 1884 3141 pacificationis
1922 3082 2014 3145 spem
2053 3062 2245 3146 relinquere.

253 3164 495 3224 commemoras,
524 3146 560 3210 in
587 3143 774 3227 Philtppam
804 3154 983 3210 armarunt.
1023 3146 1120 3211 Unde
1142 3145 1224 3211 illud
1276 3145 1410 3208 Etenim
1449 3146 1722 3229 constringuntur
1753 3143 1814 3212 hoc
1847 3146 1954 3212 veluti
1986 3149 2120 3214 vinculo
2151 3171 2249 3231 quam

253 3251 380 3314 qnoque
406 3231 598 3315 colligimus,
620 3232 655 3295 in
681 3230 838 3313 colloquio
859 3230 925 3305 illo,
946 3231 1032 3313 quod
1054 3241 1224 3313 tantopere
1276 3229 1467 3308 arctissime,
1491 3250 1593 3311 quum
1613 3233 1676 3314 ipsi
1694 3245 1767 3296 tum
1789 3242 1822 3297 et
1838 3234 2052 3300 illustrissimi
2074 3235 2246 3317 principes.

253 3316 475 3400 expetendum
496 3316 638 3394 videtur,
653 3314 799 3398 Philippi
817 3319 1036 3396 autoritatem,
1058 3318 1122 3381 viri
1144 3316 1223 3382 alic·
1275 3315 1390 3397 Neque
1412 3323 1545 3396 temere,
1568 3325 1607 3381 ut
1626 3316 1757 3383 videtur
1774 3320 1956 3400 permultis,
1980 3329 2136 3384 metuunt
2151 3320 2247 3404 pleri-

254 3404 310 3485 qui
345 3410 439 3468 extra
468 3403 722 3468 controversiam
750 3401 846 3481 docti,
871 3403 916 3486 pii
946 3411 980 3468 et
1008 3401 1100 3467 nabis
1128 3412 1224 3486 atque
1275 3422 1338 3483 que
1359 3401 1452 3467 facile
1474 3402 1545 3466 fieri
1567 3424 1673 3485 posse,
1702 3414 1739 3468 ut
1760 3412 1865 3468 totum
1886 3404 2058 3488 religionis
2080 3408 2247 3490 negotium

252 3490 318 3571 piis
347 3489 499 3554 omnibus
526 3509 591 3553 non
623 3487 737 3570 iniqui,
769 3503 837 3553 nen
868 3488 1008 3554 multum
1038 3488 1222 3555 valituram.
1275 3487 1328 3552 vel
1350 3496 1483 3571 propter
1505 3488 1638 3553 unicum
1664 3489 1880 3556 eucharistiae
1903 3492 2077 3558 articulum
2102 3491 2138 3556 in
2160 3513 2247 3557 sum·

254 3572 348 3654 Quae
369 3582 403 3638 et
423 3576 458 3638 in
469 3573 706 3639 Wormatiensi
723 3594 789 3638 non
811 3574 884 3656 plus
896 3576 1009 3656 potuit,
1022 3595 1120 3656 quam
1138 3574 1223 3657 quad
1276 3593 1366 3637 mum
1390 3572 1572 3638 adducatur
1592 3573 1775 3641 discrimen.

252 3660 307 3724 isti
337 3658 524 3725 secedentes
557 3681 577 3724 a
606 3661 795 3743 symmystis
817 3661 976 3739 omnibus,
1000 3660 1110 3726 oblata
1131 3660 1225 3742 prius
1361 3657 1545 3740 Imperator
1562 3661 1649 3724 enim
1667 3681 1744 3725 cum
1761 3656 1912 3726 omnibus
1933 3661 2063 3743 imperii
2081 3663 2248 3729 ordinibus

275 3745 394 3811 raesidi
425 3745 511 3810 Iulia
541 3745 810 3810 condemnatione
837 3755 959 3821 nostra,
992 3746 1223 3811 discesserunt.
1277 3743 1497 3809 dissimulavit
1533 3745 1699 3828 hucusque
1730 3747 1873 3829 adeoque
1902 3767 1936 3810 se
1965 3746 2249 3814 dissimulaturum

250 3768 430 3913 Curamque
457 3831 551 3913 plene
580 3837 613 3895 et
641 3831 810 3914 perspicue
843 3839 989 3897 nostram
1012 3830 1053 3896 de
1075 3831 1225 3914 redemp-
1278 3829 1319 3894 ad
1343 3830 1511 3913 religionis
1533 3831 1772 3909 diversitatem,
1803 3831 1845 3898 ad
1874 3831 2020 3897 futurum
2044 3854 2148 3917 usque
2177 3857 2249 3900 con·

253 3919 342 3982 tione
365 3918 494 4000 generis
523 3917 661 3982 humaui
688 3937 746 3999 per
776 3915 959 3994 Christum,
982 3917 1022 3982 de
1045 3918 1226 3981 ministerio
1278 3915 1390 3980 cilium
1412 3916 1572 3998 promisit,
1596 3916 1690 3982 moda
1709 3917 1936 3983 Protestantes
1963 3918 1999 3982 in
2028 3919 2070 3983 iis
2100 3941 2249 4002 perseve-

254 4003 346 4068 vorbi
375 4011 408 4066 et
437 4012 715 4068 sacramentorum
744 4003 779 4065 in
801 4005 1013 4067 consensione
1035 4012 1148 4068 nostra
1169 4023 1226 4066 ex·
1278 4012 1370 4076 rent,
1400 4022 1482 4084 quae
1503 4002 1705 4069 confessione
1728 4003 1836 4068 ablata
1858 4004 1994 4085 professi
2019 4002 2116 4084 sunt,
2149 4027 2249 4089 neque

254 4090 467 4171 presserimus
486 4088 682 4153 sententiam
698 4097 730 4152 et
745 4088 867 4153 diserte
886 4090 965 4154 satis
983 4089 1094 4154 testati
1112 4090 1225 4165 simus,
1279 4087 1345 4151 ullo
1368 4086 1463 4151 modo
1485 4087 1550 4152 illis
1572 4088 1736 4164 accedant,
1764 4091 1818 4171 qui
1841 4087 1926 4152 idola
1948 4088 2106 4155 deliciunt
2127 4104 2161 4157 et
2183 4114 2250 4158 ccr-

252 4195 311 4239 nos
333 4176 368 4239 in
396 4176 608 4240 sacramentis
630 4195 696 4238 nan
720 4174 807 4238 nuda
835 4194 1012 4258 agnoscere
1034 4176 1139 4257 signa,
1170 4175 1226 4255 qui
1279 4173 1423 4255 poralcm
1447 4171 1573 4239 Christi
1595 4176 1630 4238 in
1652 4196 1753 4240 coena
1775 4175 1993 4256 praesentiam
2015 4188 2151 4260 negant.
2186 4179 2250 4243 Ex·

255 4262 453 4338 factumest,
483 4261 623 4337 obsecro,
645 4270 681 4324 ut
703 4279 803 4340 quum
826 4261 922 4324 toties
944 4261 1010 4324 iam
1033 4279 1226 4342 congressus
1278 4267 1369 4322 stant
1398 4258 1505 4325 adhuc
1527 4261 1596 4325 eius
1618 4261 1667 4325 rei
1687 4260 1934 4343 locupletissimi
1955 4269 2064 4338 testes,
2088 4263 2249 4330 ‚Recessus

254 4347 309 4423 sis,
331 4368 397 4410 non
421 4367 496 4412 cum
518 4345 647 4410 furiosis
668 4346 750 4421 istis,
780 4344 838 4410 scd
860 4366 933 4410 cum
955 4344 1226 4410 moderationibus
1277 4344 1407 4427 imperii
1429 4347 1614 4428 germanice
1636 4346 1796 4428 impressi.
1832 4345 1921 4427 Quid
1954 4345 2040 4428 qnod
2070 4349 2107 4412 in
2141 4369 2250 4415 conse-

254 4431 373 4514 alicqui
396 4430 590 4509 hominibus,
614 4429 654 4494 de
676 4431 792 4512 quibus
813 4430 973 4495 nonnulla
994 4452 1068 4513 spes
1091 4441 1141 4496 est
1157 4432 1227 4496 fore
1279 4430 1454 4511 questibus
1490 4432 1630 4497 comitiis
1659 4431 1826 4508 omnibus,
1866 4431 1907 4497 ab
1946 4435 2150 4516 Augustanis
2189 4436 2250 4500 illie

138 4569 140 4572 ,
254 4527 292 4581 ut
323 4538 359 4582 se
387 4517 576 4583 concordiae
604 4514 857 4593 accommodent,
891 4538 933 4581 ne
962 4516 1063 4581 semel
1096 4514 1226 4597 quidem
1279 4515 1320 4579 ad
1350 4516 1656 4600 Reginoburgensia
1682 4517 1762 4582 haec
1791 4518 1909 4582 ultima
1937 4539 2041 4599 usque
2071 4520 2251 4598 celebratis,

255 4604 498 4668 consensionem
526 4602 617 4666 illam
648 4611 794 4667 nostram
811 4600 897 4684 apud
919 4602 1008 4683 ipsos
1029 4600 1226 4685 protuleris?
1279 4620 1410 4683 semper
1438 4610 1472 4666 et
1501 4603 1596 4668 unice
1624 4614 1757 4668 cautum
1778 4613 1838 4679 cst,
1866 4612 1905 4667 ut
1933 4602 2010 4668 solis
2033 4604 2251 4672 Protestanti·

255 4688 453 4754 Intellexisti
476 4688 564 4753 haud
587 4687 686 4752 dubie
706 4689 804 4752 etiam
826 4687 867 4752 ab
891 4688 942 4751 his
964 4709 1028 4752 nan
1051 4689 1147 4752 istam
1170 4686 1226 4752 sed
1278 4685 1339 4752 bus
1361 4685 1437 4751 data
1458 4688 1610 4753 videatur
1651 4710 1702 4767 ax,
1726 4688 1841 4754 alienis
1862 4709 1882 4752 a
1903 4690 2107 4756 confessione
2125 4696 2251 4777 Augus·

255 4774 344 4840 aliud
363 4783 396 4839 et
416 4775 557 4857 amplius
579 4771 734 4856 quiddam
757 4773 887 4838 anobis
909 4774 1039 4855 requiri.
1280 4781 1356 4836 tana
1388 4773 1572 4855 praeclusa,
1648 4795 1750 4857 eoque
1781 4775 2028 4840 sacramentarii
2056 4779 2251 4843 nominatim

342 4862 430 4924 Ante
461 4861 695 4942 sesquiannum
708 4861 738 4939 ⁴)
767 4859 971 4943 colloquutus
1000 4869 1050 4924 est
1079 4879 1154 4924 cum
1183 4858 1226 4923 D.
1279 4857 1346 4922 sint
1367 4858 1518 4924 exclusi?
1554 4859 1696 4925 Proinde
1725 4881 1826 4942 quum
1849 4861 1910 4926 hac
1933 4860 2038 4926 veluti
2059 4867 2251 4931 necessitate

255 4945 384 5011 Brentc'o
407 4946 457 5009 vir
486 4945 686 5009 clarissimus
708 4945 748 5009 D.
772 4945 913 5010 Ioannes
932 4967 954 5009 a
975 4944 1084 5022 Laeca,
1117 4944 1228 5027 quiet
1279 4964 1409 5008 summa
1434 4944 1501 5009 sint
1529 4947 1706 5025 constricti,
1737 4967 1803 5011 nan
1825 4948 1985 5011 mirantur
2007 4946 2065 5028 illi,
2094 4951 2152 5031 qui
2175 4951 2252 5015 haec

358 5149 388 5216 3)
409 5151 456 5207 Sic
475 5150 541 5204 Gra.
584 5148 648 5203 Tar.
668 5148 760 5203 babet:
778 5165 852 5203 sano.
1381 5147 1410 5211 bl
1434 5148 1458 5204 0
1497 5188 1503 5200 .
1527 5149 1569 5204 ad.
1594 5149 1709 5220 Kaypcr
1731 5152 1751 5206 l.
1774 5149 1833 5204 243.
1870 5149 1989 5216 Flankf.
2010 5150 2071 5206 Ra
2096 5153 2182 5209 Hadl.
2209 5155 2251 5210 11.

358 5219 387 5286 4)
407 5221 477 5276 Acta
497 5218 730 5287 &abaudieritis
746 5223 870 5286 carpente
889 5216 968 5271 Maio
986 5215 1060 5270 1556.
1279 5218 1349 5272 Brit.
1370 5218 1410 5286 17,
1424 5235 1454 5287 p.
1489 5218 1531 5275 67.
