4688 5902
287 317 348 380 531

284 512 377 567 mata
398 501 517 567 exoriri
539 501 574 565 in
598 501 658 566 hee
676 511 787 565 monte
799 500 906 566 Bahal
916 501 941 581 ¹)
964 502 1127 584 eiusque*
1148 508 1260 566 eonta-

285 588 417 672 giouem
438 588 547 671 spargi
574 586 609 651 iu
636 587 777 651 vieinam
804 585 1041 670 Burgundiam.
1084 584 1138 651 De
1160 585 1261 651 obsti·

287 675 375 738 nutis
396 674 431 737 in
459 673 527 736 suis
550 671 715 737 erroribus
745 682 843 755 atque
875 672 1041 738 seeleratis
1073 670 1261 737 homiuibus

285 779 374 822 nune
407 768 509 823 taceo:
543 756 669 822 utinam
703 768 812 822 autem
845 758 969 841 ignaris
1002 768 1101 840 atque
1131 757 1260 823 miseris

286 842 410 908 mederi
442 862 627 925 possemus,
667 863 806 925 quorum
848 864 909 908 nos
937 843 1090 909 misereri
1122 849 1258 926 oportet.

285 926 450 993 Dominus
472 928 550 1009 quid
572 927 638 997 illis
659 929 717 993 fiet
733 927 927 1012 providebit.
957 928 1051 994 Inter
1067 928 1127 994 hos
1149 936 1259 993 autem

285 1011 374 1078 haud
413 1014 542 1096 penitus
584 1012 772 1097 deploratus
811 1027 861 1080 est
892 1014 1022 1097 quidam
1062 1013 1259 1097 Burgundio

284 1097 349 1163 litt.
373 1098 484 1164 deutur
512 1101 720 1164 aeutissimus
748 1107 845 1182 atque
874 1099 1169 1182 eloquentissimus,
1202 1120 1259 1164 no-

285 1185 374 1249 mine
396 1183 556 1250 Claudius
579 1183 723 1263 Balissus,
747 1183 896 1251 Caesaris
927 1185 1107 1252 advocatus
1136 1184 1258 1267 prima·

285 1269 355 1334 rius
384 1269 538 1335 Vesouvii
571 1290 787 1336 eommoraus.
840 1270 930 1335 Huie
963 1279 1031 1335 tota
1063 1269 1260 1354 Burgundio

1039 311 1302 379 EPISTOLAE
1325 316 1536 378 usos—265⁹

2224 317 2282 379 532

1311 501 1358 564 mi
1395 509 1490 584 pater
1525 522 1563 600 aa
1601 500 1731 567 domine
1753 503 1802 601 ⁸iu
1835 500 1968 568 Christo
2000 500 2281 568 reverendissime.

1311 585 1589 670 Mombelgardras
1611 590 1662 652 28.
1684 586 1775 652 Iunri
1800 593 1890 652 1557.

1604 720 1708 791 >uuus
1730 723 1910 808 discipulus
1931 732 1963 788 et
1983 723 2019 788 in
2042 721 2176 789 Obristo
2198 721 2280 788 filim

1760 809 1926 876 Antonius
1944 807 2145 891 Quadratus.

284 1355 321 1418 in
342 1374 402 1418 sua
423 1355 622 1437 professione
646 1357 768 1439 primas
791 1356 915 1421 tribuit
959 1356 1003 1434 Is,
1032 1364 1189 1439 quantum
1216 1376 1258 1420 ex
1352 1418 1355 1423 .

285 1441 358 1524 ipso
387 1442 478 1523 potui
512 1460 715 1524 eognoseere,
749 1462 817 1505 nou
831 1467 834 1472 ’
849 1462 984 1524 prorsus
1016 1462 1146 1506 omnem
1180 1462 1258 1506 suae

287 1525 404 1590 salutis
431 1547 543 1592 euram
577 1525 703 1604 abieeit,
737 1525 884 1610 mihique
912 1528 997 1592 inter
1022 1526 1258 1611 disputandum

286 1619 414 1676 osetera
424 1613 535 1676 omnia
552 1611 646 1676 faeile
664 1613 832 1691 eoneessit,
856 1613 1141 1696 praetermissam,
1163 1633 1258 1679 sano·

286 1704 396 1761 torum
435 1697 673 1762 invocationem
713 1705 747 1762 et
786 1698 1021 1782 purgatorium.
1080 1699 1258 1764 Praeterea

286 1802 388 1864 quum
409 1782 496 1847 inter
513 1783 621 1847 varios
637 1803 805 1849 sermones
825 1784 873 1848 tui
895 1784 1034 1849 facerem
1056 1785 1258 1850 mentionem

286 1867 511 1933 honorificam:
535 1868 635 1944 Tolle,
657 1869 774 1950 inquit,
796 1869 880 1933 mibi
901 1868 1061 1935 eiusmodi
1080 1869 1256 1935 bominem.

286 1950 438 2017 Solebam
461 1953 558 2031 enim,
581 1953 697 2031 aiebat,
719 1953 857 2020 antehae
882 1952 1012 2021 Calvino
1033 1955 1174 2019 multum
1197 1955 1256 2020 tri·

286 2037 399 2114 buere,
432 2037 488 2103 sed
522 2061 563 2103 ex
596 2059 661 2122 quo
694 2039 804 2104 audivi
837 2039 944 2122 ipsum
974 2061 1118 2105 asserere
1146 2039 1256 2105 Deum

285 2143 355 2188 asse
377 2125 503 2207 peeeati
524 2137 680 2201 autorem,
710 2145 775 2189 non
796 2145 928 2207 possum
951 2133 1078 2190 tantam
1106 2125 1256 2209 blasphe-

285 2208 386 2273 miam
408 2209 501 2274 ferre.
534 2210 606 2292 Ego
628 2222 736 2274 autem
761 2222 874 2275 eontra
891 2231 993 2292 quum
1016 2212 1133 2276 aeriter
1154 2214 1256 2278 insta·

284 2315 362 2372 rem,
389 2294 496 2376 ipsum
520 2295 590 2376 (qui
612 2303 703 2358 tauto
721 2294 849 2373 iudiei0,
879 2297 1013 2361 seientia
1040 2306 1136 2379 atque
1164 2307 1256 2362 auto·

285 2380 382 2444 ritate
404 2379 554 2463 polleret)
577 2380 712 2444 minime
733 2380 846 2445 desere
868 2380 949 2447 falso
977 2383 1102 2446 rumori
1124 2383 1256 2448 eredere

284 2463 453 2529 homiuum
476 2463 694 2547 improborum
714 2476 771 2529 aut
786 2466 911 2532 invidia
930 2465 1156 2545 laborantium,
1175 2468 1256 2552 quin

282 2551 393 2630 potius
417 2548 581 2615 Calvinum
609 2551 672 2615 sibi
704 2573 776 2616 esse
809 2550 1016 2631 audiendum,
1050 2563 1105 2617 sut
1135 2555 1256 2637 scripta

284 2636 356 2699 eius
389 2635 504 2699 saltem
542 2654 613 2700 esse
652 2636 866 2721 perlegenda,
906 2649 1080 2721 antequam
1114 2639 1154 2704 de
1186 2640 1255 2705 eius

284 2719 326 2784 do
384 2720 490 2785 atibus
522 2720 677 2786 iudieium
704 2723 842 2787 ferret*
885 2724 1060 2790 Praeterea
1091 2745 1161 2803 me,
1200 2725 1256 2808 qui
1309 2773 1316 2786 .

285 2802 410 2871 Casini
442 2809 563 2888 scripta
595 2807 738 2889 plurima
770 2807 981 2892 perlegerim,
1022 2819 1134 2876 sanate
1164 2812 1254 2876 sibi·

284 2889 479 2956 adseverare
501 2891 584 2956 nihil
601 2893 636 2956 iu
658 2893 699 2958 iis
721 2894 908 2959 huiusmodi
925 2895 1101 2978 quidquam
1118 2898 1253 2979 reperiri

283 2995 387 3057 posse,
421 2976 568 3059 nihilque
596 2981 703 3060 ipsum
732 2978 766 3043 in
795 2978 857 3045 hoe
878 2982 1010 3064 negotio
1034 2980 1148 3047 dooere
1168 2981 1254 3065 quod

284 3082 349 3126 non
380 3063 469 3143 prius
496 3084 515 3127 a
544 3062 728 3146 prophetis,
759 3063 891 3130 Christo
920 3075 954 3130 et
982 3066 1151 3149 apostolis,
1184 3089 1255 3150 per·

284 3147 395 3229 spieue
417 3156 526 3212 autem
557 3169 576 3212 a
602 3147 676 3215 divo
698 3150 803 3215 Paulo
832 3160 865 3216 et
886 3153 1072 3236 Augustino
1101 3153 1254 3219 ecelesiae

284 3232 442 3297 traditum
464 3233 570 3298 luerit.
612 3233 689 3298 Non
717 3256 787 3300 esse
810 3257 930 3301 novam
959 3236 1043 3302 hano
1065 3245 1253 3303 coutrover-

284 3319 375 3394 siam,
404 3317 461 3383 sed
491 3317 613 3383 dudum
636 3320 669 3382 iu
693 3320 837 3398 ecelesia,
867 3324 1010 3388 maxime
1040 3331 1149 3389 autem
1172 3334 1255 3390 tem-

284 3402 415 3486 poribus
445 3403 512 3470 divi
534 3405 631 3469 Pauli
659 3413 755 3487 atque
784 3406 870 3471 beati
887 3408 1070 3492 Augustini
1098 3411 1255 3493 agitatam

284 3496 317 3553 et
345 3490 463 3571 spiritu
493 3490 556 3554 Dei
585 3488 725 3555 deuissm
753 3512 832 3557 esse.
875 3493 992 3558 Potius
1019 3515 1091 3560 esse
1119 3496 1254 3561 ereden-

283 3572 361 3637 dum
380 3574 493 3652 Paulo,
516 3571 702 3658 Augustino
730 3586 764 3641 et
783 3585 915 3644 sanetae
935 3577 1061 3646 Christi
1090 3581 1254 3660 eeclesiae,

282 3660 447 3723 imovero
475 3660 539 3742 ipsi
560 3661 702 3738 Ohristo,
733 3684 831 3745 quam
861 3666 1006 3730 erroneis
1035 3674 1133 3748 atque
1162 3667 1254 3732 fana·

283 3745 357 3809 tieis
386 3743 577 3826 quibusdam
607 3745 801 3813 huminibus.
855 3748 907 3813 Ad
942 3750 1022 3817 haee
1054 3751 1112 3815 ille
1141 3754 1255 3817 obmu-

284 3831 435 3895 tescebat.
502 3829 591 3911 Quid
636 3833 723 3896 enim
764 3834 916 3899 obiiceret
956 3857 1021 3900 non
1062 3839 1253 3921 reperiebat,

284 3924 414 3999 praeter
437 3937 608 3980 rumorem.
653 3916 742 3997 Quid
771 3928 880 3984 autem
908 3922 995 3985 fautu
1025 3943 1106 4004 opus
1129 3925 1172 3987 sit
1194 3923 1255 3989 hae

283 4005 318 4065 in
352 4023 386 4065 re
419 4003 535 4066 melius
566 4004 635 4084 ipse
673 4003 839 4085 dispicias:
881 4007 946 4070 mei
986 4009 1075 4071 enim
1108 4030 1173 4073 non
1206 4019 1256 4074 est

284 4087 459 4169 quidquam
489 4097 642 4153 statuere.
687 4087 754 4154 Sed
776 4089 929 4172 quidquid
951 4093 1084 4158 iusseris
1106 4115 1166 4177 ego
1189 4095 1255 4159 ala-

285 4173 383 4237 criter
412 4173 559 4247 efficiam,
587 4175 656 4238 sive
678 4174 789 4239 literas
821 4175 862 4240 ad
883 4178 989 4258 ipsum
1019 4176 1156 4255 dederis,
1186 4180 1255 4245 sive

286 4257 326 4321 de
363 4259 433 4339 ipso
473 4260 513 4322 ad
554 4282 605 4324 me
644 4260 822 4342 scripseris,
864 4282 921 4325 seu
961 4261 1050 4326 aliud
1088 4264 1255 4348 quidpiam

287 4344 475 4408 decreveris.
524 4345 625 4408 Furit
653 4346 744 4410 Deus
773 4345 850 4428 Opt.
881 4347 971 4412 Max.
1002 4357 1038 4412 ut
1067 4353 1177 4415 omnia
1204 4373 1255 4418 ee·

288 4428 367 4493 dant
389 4431 423 4492 in
452 4452 545 4494 suam
567 4431 668 4512 ipsius
696 4432 832 4515 gloriam
862 4432 1101 4517 electorumque
1124 4458 1255 4502 suorum

287 4513 435 4590 salutem,
470 4526 563 4597 teque
597 4516 689 4580 uobis
712 4516 768 4580 diu
790 4526 899 4582 servet
920 4519 1122 4586 ineolumem.
1162 4523 1256 4601 Vale,

290 4871 421 4936 255111)
439 4872 509 4926 ludit
527 4875 557 4925 iu
575 4875 680 4926 nomine
700 4875 892 4932 Moutbels'ard.
932 4874 1005 4945 Quid
1027 4877 1081 4931 arbi
1097 4880 1160 4932 velit
1175 4895 1257 4948 quum

289 4941 322 4993 de
339 4942 530 4995 schismatibus
547 4943 680 5010 loquatur,
704 4961 760 4998 suu
782 4946 845 5000 bene
863 4948 1040 5015 assequimur.
1079 4946 1172 5001 Comes
1188 4955 1258 5003 certe

292 5009 426 5077 Georgius
443 5009 613 5064 concordiam
637 5012 804 5080 disrupiebut
825 5021 850 5067 et
869 5030 924 5083 pro
951 5016 1025 5068 uirili
1048 5017 1256 5071 commendabat.

291 5078 413 5130 Exstant
430 5080 521 5144 plures
538 5082 597 5132 sius
614 5080 646 5133 de
664 5097 695 5133 eu
713 5099 742 5135 re
759 5084 886 5150 epistolae
912 5082 950 5137 ad
968 5084 1092 5149 Euhium,
1117 5084 1257 5139 Sulzerum

291 5152 316 5198 et
342 5146 535 5216 Bulliuqerum.
580 5149 812 5215 Fraueotords'um
834 5153 905 5206 ierat
933 5166 992 5204 cum
1021 5152 1143 5207 Tossuno
1162 5169 1256 5222 pacem

291 5230 430 5283 quaereus,
447 5217 494 5270 sed
510 5232 556 5285 spe
573 5219 671 5273 cecidit
690 5219 809 5288 (Gopuel
823 5238 850 5289 p.
868 5218 903 5273 55
920 5225 995 5289 seq).

1746 1423 1846 1492 21156.

1577 1575 1779 1645 VIRE'PUS
1805 1576 2024 1643 OALVINO.

1394 1746 1541 1813 Misistri
1559 1750 1603 1814 od
1632 1749 1813 1815 Waldeuses
1833 1751 1925 1815 missi
1947 1754 2001 1815 aut
2021 1751 2172 1816 ms'ttesrdt'.
2204 1749 2273 1815 Alio

1307 1835 1429 1917 negotio
1450 1841 1578 1900 cessant.

1471 2003 1528 2069 (Ex
1545 2004 1713 2074 autographo
1730 2005 1794 2059 (lod.
1813 2006 1914 2059 Gener.
1934 2006 2054 2073 115,f01.
2075 2005 2130 2072 70.)

1392 2174 1525 2240 Eximio
1555 2174 1680 2241 Ohristi
1715 2198 1809 2244 servo
1844 2176 1957 2242 Ioanni
1995 2176 2136 2243 Calvino
2172 2176 2271 2244 Gens·

1308 2262 1419 2326 vensis
1449 2260 1602 2327 ecelesiae
1632 2263 1754 2344 pastori
1790 2262 1978 2328 fidelissimo
2007 2263 2102 2328 fratri
2130 2272 2165 2329 et
2193 2284 2272 2348 sym·

1308 2356 1433 2430 mystae
1455 2347 1635 2430 plurimum
1658 2348 1871 2414 observando.

2030 2433 2196 2500 Generae.

1394 2600 1429 2667 S.
1463 2553 1629 2667 Mittimus
1654 2604 1837 2670 Gueriuum.
1851 2609 1875 2682 ¹)
1919 2603 2016 2670 Alius
2047 2616 2097 2671 est
2127 2606 2185 2689 qui
2207 2604 2271 2671 Su-

1307 2687 1437 2770 phanus
1464 2687 1626 2755 Furouius
1654 2691 1854 2767 nominatur,
1865 2692 1894 2772 ²)
1929 2691 1979 2756 vir
2010 2691 2118 2757 bonus
2151 2701 2184 2756 et
2215 2714 2272 2757 nou

1306 2771 1479 2839 mfelieiter
1509 2774 1634 2852 doetus,
1669 2796 1766 2857 quem
1795 2797 1890 2859 spero
1916 2774 2013 2841 valde
2041 2776 2108 2842 illis
2138 2776 2272 2845 eoulesiis

1307 2858 1421 2924 utilem
1443 2861 1599 2938 futurum,
1623 2861 1650 2926 si
1673 2861 1784 2944 plures
1805 2868 1961 2943 petantur
1982 2863 2137 2928 ministri.
2182 2862 2272 2930 Illum

1307 2946 1483 3009 eonvenire
1505 2946 1606 3010 statui
1632 2953 1671 3011 ut
1697 2946 1829 3012 deeius
1852 2948 2021 3013 voluntate
2052 2950 2173 3015 eertior
2195 2951 2271 3015 liam.

1306 3030 1375 3095 Nos
1408 3029 1522 3096 eadem
1555 3030 1740 3097 laboramus
1773 3052 1885 3098 eorum
1918 3032 2034 3117 quibus
2075 3039 2148 3100 tuto
2184 3036 2273 3101 fidere

1306 3137 1478 3198 possumus
1499 3137 1562 3199 qua
1583 3138 1641 3183 vos
1662 3117 1807 3201 penuria.
1853 3118 1988 3185 Gaudeo
2017 3129 2050 3184 et
2071 3121 2271 3207 Bituriges⁸l

1306 3201 1444 3266 aliorum
1465 3204 1636 3286 provocari
1658 3203 1817 3286 exemplo.
1862 3203 2027 3271 Dominus
2053 3208 2222 3289 operarios
2239 3206 2272 3272 ad

1306 3307 1399 3351 suam
1421 3308 1559 3353 messem
1580 3297 1672 3371 aptos
1694 3291 1831 3355 emittat.

1391 3370 1555 3454 Quaestor
1588 3375 1718 3440 silentio
1751 3376 1896 3458 sapiens,
1940 3375 1980 3441 de
2017 3398 2083 3460 quo
2113 3379 2271 3464 scripsisti

1305 3457 1367 3524 hae
1395 3480 1460 3523 non
1493 3460 1570 3525 feeit
1598 3461 1669 3526 iter.
1714 3462 1766 3526 De
1798 3470 1886 3527 statu
1907 3472 2038 3528 vestrae
2071 3464 2165 3530 urbis
2198 3463 2271 3530 nihil

1305 3543 1465 3623 audimus,
1496 3546 1560 3610 nisi
1588 3545 1673 3628 quod
1694 3546 1803 3611 omnia
1824 3547 1905 3612 bene
1927 3547 2054 3615 habetis
2084 3549 2174 3615 domi
2195 3571 2271 3617 eom·

1305 3630 1421 3712 posita,
1452 3639 1613 3713 quatenus
1642 3633 1721 3697 loris
1750 3641 1874 3715 patent
1926 3634 2048 3700 Libros
2078 3636 2271 3703 insulsorum

1305 3713 1436 3779 illorum
1471 3716 1639 3782 homiuum
1672 3716 1712 3783 de
1744 3718 1862 3801 quibus
1894 3720 2020 3796 soribis,
2054 3723 2112 3804 qui
2147 3733 2181 3787 te
2213 3723 2269 3788 suis

1305 3801 1435 3882 seriptis
1464 3803 1686 3884 impetierunt,
1716 3803 1824 3869 nullos
1854 3803 1930 3871 vidi.
1980 3806 2053 3872 Hoe
2083 3811 2269 3892 seriptorum

1306 3906 1409 3970 genus
1431 3887 1478 3953 sie
1500 3908 1535 3952 se
1557 3890 1697 3972 propriis
1719 3890 1852 3973 configit
1879 3891 1995 3974 pennis
2018 3901 2063 3971 ut,
2096 3897 2124 3959 si
2147 3916 2167 3959 a
2188 3894 2269 3960 uobis

1306 3971 1456 4037 mercede
1478 3972 1630 4040 eondueti
1658 3976 1846 4053 seriberent,
1877 3997 2008 4042 eausam
2039 3990 2268 4045 nostrumnon

1305 4066 1438 4138 possent
1459 4058 1601 4124 feliciore
1623 4082 1720 4145 agere
1742 4082 1902 4127 successu.

1392 4144 1443 4207 De
1466 4143 1594 4211 foedere
1605 4151 1633 4221 ⁴)
1656 4168 1698 4210 ne
1719 4146 1857 4211 verbum
1880 4148 2011 4231 quidem
2035 4150 2190 4217 audimus
2211 4171 2267 4216 um-

1306 4227 1400 4309 plius.
1444 4229 1601 4295 Proximo
1631 4231 1683 4296 die
1705 4232 1863 4298 duminieo
1889 4236 2077 4318 episcopum
2104 4238 2203 4303 invisi
2223 4235 2266 4318 qui

1306 4334 1341 4378 se
1363 4313 1487 4380 Orbem
1516 4317 1645 4398 recepit.
1691 4317 1912 4398 Quamobrem
1945 4320 1986 4385 ad
2014 4342 2075 4388 vos
2108 4345 2174 4390 non
2205 4341 2265 4405 pro

1307 4603 1399 4659 2656.
1411 4604 1438 4671 1)
1455 4605 1494 4658 ud
1519 4605 1681 4662 Wuldeuses.

1409 4673 1439 4734 2)
1458 4675 1501 4727 uir
1518 4675 1589 4729 ultas
1605 4676 1723 4744 Quotus.

1408 4742 1438 4808 3)
1458 4742 1498 4796 M.
1525 4743 1597 4812 Sept.
1622 4743 1688 4798 1556
1712 4746 1750 4799 ud
1776 4761 1821 4799 eus
1843 4747 1943 4800 missus
1962 4749 2054 4812 tuerat
2080 4748 2219 4804 museus
2238 4745 2264 4799 ds

1306 4811 1514 4881 Arpues.(Req.
1534 4813 1568 4867 de
1585 4814 1612 4866 la
1632 4814 1734 4883 (lump.)
1751 4830 1827 4883 quem
1845 4815 1913 4868 Hist
1928 4816 1988 4870 ecel.
2005 4815 2026 4869 1.
2039 4815 2096 4870 104.
2125 4818 2263 4871 Marruu-

1306 4879 1341 4932 ἀι
1363 4879 1497 4948 Hurqous
1514 4880 1616 4936 dietum
1645 4883 1679 4936 de
1704 4883 1838 4937 Rossebut
1864 4890 1955 4950 usual,
1981 4886 2095 4939 amiens
2124 4888 2262 4942 Vaassen·

1307 4947 1380 5002 Ibid.
1399 4947 1464 5001 113:
1486 4951 1510 5002 A
1528 4952 1649 5020 Bourges
1673 4953 1712 5004 les
1730 4952 1891 5007 assemblees
1909 4953 2097 5008 continuerant
2124 4972 2175 5009 uon
2191 4953 2263 5007 seule

1307 5025 1382 5069 ment
1395 5033 1429 5069 en
1447 5019 1473 5070 la
1490 5019 1554 5071 ville
1572 5021 1639 5074 mais
1657 5020 1727 5073 aussi
1752 5038 1785 5073 en
1811 5039 1846 5074 un
1865 5021 1963 5089 village
1984 5024 2093 5077 nomme
2110 5025 2226 5087 Auieres,
2241 5028 2264 5072 el

1308 5086 1435 5139 domeure
1452 5086 1561 5155 l'h’glise
1588 5106 1620 5143 eu
1648 5106 1728 5159 rspos
1751 5090 1860 5158 iusques
1883 5090 2074 5145 eul’au1559
2098 5094 2264 5147 nonnosum

1307 5159 1369 5207 tous
1388 5156 1427 5207 les
1499 5162 1540 5209 ets
1558 5157 1606 5210 des
1623 5159 1799 5212 sdversaires.

1409 5221 1437 5287 4)
1482 5232 1590 5280 mutes
1606 5227 1678 5282 isser
1695 5234 1720 5282 et
1739 5226 1912 5282 Geueoeuses.
