4778 5888
297 317 360 380 283
1043 309 1304 378 ΕΡΙΒΤΟΙιΔΕ
1326 315 1536 376 2532-2535
2201 315 2290 378 ’284

296 501 409 568 Unum
435 498 496 565 hoo
525 498 606 562 mihi
635 496 792 579 displioet,
826 494 903 561 dum
932 517 1039 561 meam
1068 496 1263 560 sententiam
1402 495 1436 562 S.
1466 496 1577 578 Quum
1599 497 1851 563 Franoofurtum
1872 506 2006 563 voeatus
2023 502 2129 562 e‘ssem
2150 519 2190 564 ao
2211 518 2288 580 pro-

296 593 480 667 exspeotas,
515 582 720 666 dispendium
753 583 908 664 temporis
935 581 1056 647 laetum
1090 602 1170 646 esse.
1225 579 1263 646 Si
1314 582 1490 663 pemodum
1523 592 1646 647 traotus
1675 582 1716 649 ad
1749 580 1908 647 sedandas
1951 582 2135 648 eoelesiolae
2178 584 2288 665 gentis

215 692 224 723 s
295 670 384 735 enim
405 680 531 734 mature
554 667 724 733 defunotus
744 667 871 744 fuisses,
893 687 1051 748 quaenam
1074 667 1188 730 fuisset
1214 666 1264 730 in·
1315 676 1446 745 nostrae
1458 666 1642 745 disoordias‚
1654 678 1747 732 tanta
1757 687 1810 731 me
1821 667 2024 751 negotiorum
2035 669 2205 752 congeries
2216 668 2288 733 illio

296 756 482 820 humanitas
505 754 558 818 vel
580 751 899 818 barbarieslaborem
916 762 984 816 tam
996 751 1133 816 feliciter
1154 771 1264 833 sump-
1315 754 1474 835 oppressit
1495 763 1533 817 ut
1560 750 1599 817 de
1621 752 1788 817 mittendis
1820 753 1857 816 in
1880 756 1959 818 Aeta
1980 755 2223 818 oommenturiis
2250 755 2287 818 in

296 852 368 905 tum
389 860 461 904 meo
481 838 601 904 iudieio
618 837 815 919 improbari?
839 835 980 917 Quando
1001 847 1112 901 tamen
1134 835 1263 920 longius
1314 845 1457 902 mentem
1475 859 1541 903 non
1559 838 1694 916 venerit,
1713 836 1799 920 quod
1817 839 1889 904 aliis
1907 838 2124 916 mandassem,
2143 839 2171 903 si
2189 839 2287 904 domo

296 947 394 1008 quam
416 924 534 989 vellem
556 933 727 988 annotatus
754 944 798 1001 es,
828 923 1041 987 vehementer
1064 931 1097 987 te
1126 942 1205 1005 rogo
1227 933 1264 985 ut
1314 943 1378 987 non
1401 944 1506 989 essem
1528 944 1687 1007 egressus.
1712 924 1825 1006 Neque
1847 944 1925 989 vero
1947 923 1987 988 de
2008 924 2210 1008 negligentia
2233 925 2287 990 vel

296 1012 381 1076 hano
403 1030 511 1074 morae
532 1011 691 1073 iaeturam
711 1029 775 1090 qua
795 1008 916 1090 poteris
938 1006 1111 1076 sedulitate
1135 1008 1263 1072 sareias.
1315 1008 1413 1073 etiam
1434 1008 1599 1074 oblivione
1619 1010 1682 1073 luit
1702 1010 1924 1091 praeteritum,
1954 1007 2011 1073 sed
2038 1011 2114 1091 quia
2143 1011 2287 1076 seribere

295 1093 514 1178 Implaeabilis
528 1103 586 1171 est,
609 1105 647 1158 ut
657 1092 761 1170 video,
783 1095 922 1157 istorum
939 1092 1109 1157 hominum
1119 1093 1264 1170 vesania,
1314 1094 1448 1158 omnino
1469 1094 1685 1173 decreveram,
1713 1093 1790 1158 dum
1813 1095 1895 1159 aliae
1917 1115 2013 1159 ourae
2034 1116 2088 1159 me
2107 1093 2286 1177 abripiunt,

296 1193 335 1245 ut
356 1180 521 1245 blanditiis
543 1179 595 1244 vel
618 1177 867 1243 mansuetudine
889 1178 1011 1243 frustra
1032 1199 1087 1242 eos
1108 1197 1265 1243 eonemur
1316 1178 1356 1243 de
1376 1179 1459 1244 libro
1477 1179 1548 1244 sine
1570 1179 1673 1245 literis
1694 1180 1854 1244 mittendo
1884 1199 1948 1244 non
1971 1181 2124 1263 cogitavi.
2176 1181 2287 1246 Triste

296 1265 338 1330 ad
367 1266 509 1349 aliquam
540 1264 737 1347 aequitatem
769 1263 937 1328 adducere.
992 1262 1133 1343 Quando
1164 1263 1264 1346 igitur
1314 1263 1368 1329 hie
1390 1265 1559 1348 negotium
1577 1287 1626 1330 me
1647 1266 1803 1342 exerouit,
1824 1265 1900 1348 quia
1917 1264 2001 1330 nihil
2018 1265 2170 1330 miserius
2187 1285 2286 1348 quam

296 1352 438 1434 mitigari
461 1371 527 1415 non
549 1351 721 1423 sustinent,
750 1370 852 1414 unum
874 1349 935 1413 hoo
957 1348 1119 1431 reliquum
1141 1359 1198 1426 est,
1225 1357 1264 1411 ut
1315 1361 1445 1413 exteros
1466 1350 1615 1415 homines
1632 1349 1828 1433 implaeabili
1845 1351 2037 1427 violentia2)
2053 1352 2140 1415 inter
2157 1373 2193 1416 se
2214 1372 2287 1417 oer-

296 1457 408 1501 eorum
429 1448 496 1500 tam
517 1435 646 1500 inscitia
667 1455 763 1516 quam
782 1434 926 1517 pravitas
948 1433 1127 1516 detegatur.
1178 1433 1262 1497 Pru·
1314 1442 1393 1512 tare,
1417 1436 1474 1518 qui
1496 1450 1606 1500 tamen
1629 1436 1718 1501 urbis
1739 1435 2021 1502 oonoionatoribus
2049 1456 2083 1500 se
2105 1438 2211 1520 magis
2234 1438 2287 1501 in·

297 1522 411 1587 denter
432 1523 519 1585 enim
541 1542 653 1585 eorum
676 1521 846 1585 artifieium
863 1521 984 1583 notasti
1002 1518 1088 1602 quod
1106 1519 1227 1582 maiore
1235 1522 1262 1592 8)
1313 1520 1421 1584 feusos
1434 1520 1545 1586 vident
1556 1530 1653 1603 atque
1671 1541 1786 1587 exosos
1804 1542 1902 1603 quam
1919 1521 2058 1586 Iudaeos
2076 1530 2109 1585 et
2126 1523 2284 1605 papistas.

296 1609 461 1689 protervia
481 1606 567 1688 apud
590 1605 708 1688 vulgus
735 1627 770 1670 se
789 1604 960 1669 venditant
981 1605 1056 1687 quia
1084 1603 1124 1667 de
1151 1624 1188 1666 re
1211 1603 1262 1666 in·
1314 1606 1360 1669 Et
1380 1626 1458 1670 sane
1479 1607 1525 1670 ita
1547 1628 1602 1671 eos
1631 1607 1801 1672 sassinavit
1829 1606 1935 1672 Satan
1967 1616 2004 1670 ut
2037 1605 2164 1670 nullam
2193 1629 2286 1690 spem

298 1694 429 1774 eognita
449 1691 579 1774 quidvis
606 1690 768 1755 blaterare
795 1689 880 1754 lieet.
934 1689 1070 1755 Utinam
1099 1688 1262 1770 principes
1314 1689 1503 1756 ooneordiae
1532 1692 1690 1774 reliquom
1714 1693 1819 1757 faeiat.
1868 1693 2002 1774 Loquor
2027 1690 2067 1756 de
2094 1692 2288 1775 ubiquitatis

298 1778 338 1840 ad
350 1786 546 1842 conventum
558 1777 697 1858 aliquem
709 1774 870 1858 agendum
880 1776 909 1856 ⁴)
932 1776 1057 1839 animos
1075 1774 1261 1838 adiicerent.
1312 1777 1533 1857 praeeonibus,
1556 1797 1637 1859 quos
1659 1779 1784 1842 utinam
1802 1777 1843 1841 ad
1861 1777 1945 1841 hane
1961 1777 2122 1843 insaniam
2142 1799 2209 1843 non
2233 1800 2288 1844 ao·

297 1861 484 1928 Secundum
506 1872 555 1927 est
575 1871 613 1926 ut
634 1862 678 1943 pii
700 1874 734 1925 et
754 1862 842 1943 paeis
864 1859 1001 1925 studiosi
1023 1859 1168 1924 dootores
1196 1859 1262 1940 pri·
1313 1859 1488 1927 oenderent
1514 1862 1657 1939 furiales,
1688 1883 1770 1944 quae
1800 1861 1883 1945 apud
1910 1883 1968 1926 vos
1978 1866 2005 1938 ³)
2034 1862 2153 1927 ardent
2181 1864 2286 1929 faoesl

296 1951 409 2023 vato⁵l
431 1947 564 2013 oonsilio
592 1946 633 2010 ad
662 1946 934 2028 colloquutionem
962 1945 1101 2010 amieam
1129 1944 1262 2009 deseen·
1312 1948 1422 2028 Atque
1444 1947 1524 2013 haee
1544 1947 1626 2012 mihi
1647 1949 1730 2012 ratio
1757 1969 1846 2014 nune
1872 1947 1997 2013 obstitit
2025 1968 2087 2029 quo
2116 1949 2227 2013 minus
2256 1960 2289 2016 te

298 2030 384 2096 dant.
403 2032 533 2096 Interea
555 2030 631 2096 dare
653 2052 782 2113 operam
805 2031 1016 2095 convenitne
1034 2031 1154 2095 veritas
1176 2027 1263 2111 apud
1313 2032 1506 2113 inviserem!

297 2119 464 2200 imperitos
485 2119 570 2181 iusto
592 2117 768 2199 patrooinio
786 2127 902 2181 eareat.
947 2115 1040 2196 Vale,
1058 2115 1262 2179 ornatissime

297 2203 350 2266 vir
372 2215 404 2266 et
426 2204 507 2266 mihi
529 2224 570 2266 ex
592 2203 700 2266 animo
721 2201 862 2266 eolende,
892 2199 1057 2265 Dominus
1079 2210 1112 2264 te
1133 2220 1263 2281 semper

297 2287 454 2371 gubernet
475 2288 590 2369 spiritu
611 2308 679 2364 suo,
701 2288 825 2351 virtute
852 2285 1011 2350 sustineat
1032 2286 1184 2367 omnique
1206 2284 1262 2349 be·

295 2371 479 2438 nediotione
500 2381 721 2454 prosequatur.
774 2370 982 2438 Franeofurti
1014 2376 1059 2436 17.
1079 2370 1261 2452 Septembr.

302 2462 390 2522 1556.
435 2457 472 2524 si
485 2463 511 2533 ⁶)
532 2459 588 2540 qui
616 2458 688 2522 istie
716 2466 814 2522 erunt
838 2457 934 2522 amioi
961 2476 1015 2521 eos
1036 2477 1108 2519 meo
1130 2455 1262 2520 nomine

297 2543 427 2606 salutes.
481 2542 633 2609 Salutant
665 2552 697 2606 te
728 2542 792 2607 mei
826 2542 969 2619 oomites,
999 2542 1033 2606 in
1064 2541 1181 2623 quibus
1213 2549 1263 2606 est
1575 2590 1577 2594 .

296 2647 384 2691 unus
410 2649 451 2692 ex
473 2627 635 2708 Budaeffl)
657 2627 732 2693 filiis
765 2635 799 2692 et
830 2648 939 2711 gener,
968 2627 1131 2692 Robertus
1164 2625 1262 2690 etiam
1752 2625 1849 2696 2534.

299 2711 483 2792 Steune-
1510 2777 2086 2847 nnsousuunnuonuflonr.

1397 2948 1603 3031 Eopea'eats‘o
1623 2951 1736 3016 nodum
1754 2952 1833 3016 sotis
1854 2951 1975 3016 edom
1990 2953 2090 3018 denuo
2100 2953 2292 3036 colloquium

1313 3035 1394 3099 inter
1415 3035 1500 3100 viros
1520 3036 1621 3102 doctos
1642 3037 1866 3103 imitandum
1886 3036 2028 3103 manibus
2056 3039 2136 3103 votis
2162 3041 2288 3121 expetit.

1716 2374 1907 2390 ,1-

651 2850 790 2914 Ioannes
812 2846 969 2913 Calvinus
990 2869 1066 2914 vere
1087 2854 1174 2913 tuus.

1314 3204 1457 3284 (Praebuit
1474 3203 1603 3287 Simlerns
1621 3205 1683 3260 Vol
1706 3204 1748 3260 88.
1760 3206 1814 3288 'qui
1830 3222 1890 3288 eam
1906 3207 2053 3289 sumpsisse
2070 3205 2144 3289 dioit·
2154 3225 2189 3261 ex
2206 3209 2290 3280 Epis·

1312 3273 1377 3325 tolus
1394 3274 1429 3326 ad
1446 3272 1616 3328 Oemeramos
1633 3281 1823 3344 manuscriptus
1846 3292 1876 3329 1n
1899 3276 2071 3329 Brbhotheoa
2088 3276 2216 3330 Meister-i
2240 3296 2289 3348 pa·

1311 3341 1394 3395 storis
1411 3342 1601 3399 denaoensir.
1636 3343 1813 3397 Desideratus
1830 3360 1873 3425 sp.
1891 3344 2051 3414 Kuyperum
2068 3350 2098 3397 et
2114 3344 2287 3414 Ger-dasium,

731 3424 832 3494 2533,
1072 3450 1075 3459 ,
1240 3448 1242 3455 J
1449 3415 1477 3463 ss
1494 3412 1524 3463 n
1542 3411 1661 3480 corpore
1679 3412 1739 3466 ser.
1774 3412 1871 3467 suns
1887 3413 2011 3467 annon
2028 3431 2054 3483 p.
2072 3411 2146 3481 aes.)

500 3575 733 3643 OALVINUS
755 3575 1014 3644 VOLMARIO.
1027 3582 1051 3656 Ι)
1396 3578 1431 3646 S.
1466 3581 1507 3645 In
1527 3582 1692 3647 eommuni
1718 3591 1831 3648 nostro
1856 3580 1966 3648 dolore
1994 3584 2098 3650 satius
2125 3585 2197 3651 fore
2224 3608 2288 3669 pu·

1311 3677 1425 3744 tarem,
1444 3668 1497 3732 vir
1517 3669 1730 3748 sanotissime,
1753 3669 1783 3733 si
1799 3676 1911 3735 nostra
1931 3669 2070 3734 vulnera
2100 3670 2231 3755 plaoide
2254 3680 2288 3738 et

379 3746 601 3830 Ilupmentum
629 3748 772 3828 ept'stoloe
797 3749 833 3813 ia
859 3769 923 3830 quo
949 3749 986 3813 de
1016 3769 1113 3815 eausa
1136 3751 1261 3816 s‘tr'aers‘s
1311 3761 1459 3816 amanter
1485 3760 1738 3832 oontreotemus,
1772 3775 1870 3836 quam
1897 3757 2126 3837 permittemus
2162 3757 2286 3823 uallum

294 3831 569 3916 Fraaoofartensis
588 3838 617 3898 et
632 3833 670 3898 de
690 3835 918 3899 commutastis
938 3835 974 3899 in
994 3835 1086 3900 Aeta.
1310 3834 1375 3901 illis
1396 3844 1508 3903 nostro
1530 3838 1659 3903 silentio
1684 3837 1811 3918 obdnoi,
1839 3837 1925 3923 quod
1954 3840 2170 3906 diffiouiorom
2199 3843 2286 3909 forte

1310 3929 1421 4003 postea
1442 3919 1558 3987 reddat
1577 3925 1708 3989 illorum
1730 3925 1937 3991 emotionem.
1988 3927 2062 3993 Etsi
2091 3937 2204 3993 autem
2227 3928 2286 3994 do-

293 4019 348 4083 (De
374 4020 424 4073 hae
450 4035 566 4100 quoque,
589 4019 679 4088 quoad
704 4020 801 4085 fontes,
824 4020 897 4074 idem
915 4021 988 4074 valet
1005 4020 1077 4090 quod
1099 4021 1134 4073 de
1156 4021 1260 4075 duabus
1309 4005 1413 4071 lorem
1440 4018 1558 4091 augeat
1589 4008 1658 4073 fore
1694 4030 1902 4093 quaeeunque
1936 4011 2070 4077 tandem
2103 4013 2285 4080 vulnerum

292 4089 514 4168 praeostensum
531 4088 655 4140 (luimus.
683 4088 828 4157 lusoriptio
844 4090 918 4170 ¹¹¹¹ssss
935 4089 1019 4143 ⁸th
1053 4090 1152 4170 nnat
1168 4095 1259 4144 tamen
1309 4095 1531 4158 oontreotatio:
1561 4103 1705 4175 praestat
1726 4105 1837 4160 tamen
1857 4095 1915 4159 illa
1936 4098 2044 4162 ourari
2073 4108 2107 4162 et
2134 4107 2296 4167 00an

292 4156 459 4210 solummodo
476 4174 505 4209 m
523 4155 626 4209 duobus
643 4156 720 4212 oodd.
738 4156 941 4211 Genevensrbus
959 4166 986 4213 et
1004 4158 1076 4227 apud
1094 4158 1259 4227 S1mlerum.)
1309 4177 1443 4242 tationis
1472 4176 1614 4243 dolorem
1635 4180 1787 4262 perferre,
1812 4202 1909 4263 quam
1934 4203 1996 4265 pus
2023 4184 2059 4247 in
2087 4183 2156 4250 illis
2184 4185 2286 4251 alm·

1309 4261 1401 4326 Nihil
1423 4262 1537 4328 dubito
1558 4264 1616 4330 tibi
1638 4265 1747 4331 dolere
1776 4267 1861 4331 hano
1890 4268 2100 4333 eeclesiarum
2129 4268 2286 4337 dissocia·

392 4393 423 4459 3)
439 4408 494 4447 m
512 4392 605 4447 dm
649 4391 811 4449 Mam
833 4397 953 4464 mm
982 4412 1097 4451 vam
1119 4397 1258 4467 uuum
1309 4348 1442 4447 tionem,
1465 4349 1510 4413 mi
1534 4347 1692 4432 Phe'leppe,
1717 4353 1783 4451 (oui
1812 4352 1900 4452 apim
1922 4352 2006 4418 bono
2034 4375 2102 4418 non
2131 4354 2285 4440 doleatl)

290 4462 391 4516 mn·
406 4463 457 4514 ,ιω
476 4462 564 4516 zm
579 4462 712 4516 mam,
1308 4431 1365 4498 sed
1387 4431 1463 4516 qurd
1486 4432 1617 4516 prodest
1638 4436 1779 4502 doluisse
1807 4459 1872 4503 ms1
1893 4458 2087 4521 quaeramus
2113 4443 2285 4509 remedia?

361 4598 366 4608 '
392 4527 422 4594 4)
487 4533 536 4583 ‘m
552 4530 597 4584 ts’o
613 4531 686 4611 toras
708 4530 851 4586 Iurrettm
874 4534 1008 4600 metium
1030 4535 1141 4615 fuerat
1158 4541 1190 4616 ‘et
1204 4550 1259 4657 pff
1309 4517 1420 4599 Quare
1441 4519 1567 4618 gaudeo
1585 4520 1642 4586 abs
1659 4532 1692 4585 te
1709 4524 1848 4607 proponi
1865 4524 2048 4590 remedium
2065 4533 2099 4590 et
2114 4534 2150 4591 te
2168 4531 2301 4595 testari·

291 4598 392 4651 verbu:
409 4598 444 4650 ad
461 4604 624 4651 conventum
641 4599 758 4668 aliquem
775 4600 907 4668 agendum
923 4602 995 4656 notul
1011 4601 1090 4656 tabet
1106 4617 1162 4655 neas
1179 4618 1211 4684 ap
1308 4604 1392 4687 quod
1414 4607 1555 4684 (ommi
1577 4607 1632 4672 alii
1654 4610 1795 4692 cessent)
1818 4618 1875 4674 tuo
1898 4618 1935 4674 tu
1951 4610 2013 4676 hae
2033 4612 2071 4675 in
2092 4621 2188 4695 pal-to
2211 4616 2287 4681 offi.

290 4665 609 4802 lislellgolfflm’
631 4683 686 4737 Μ
708 4683 836 4736 “Imm
860 4669 960 4739 ’Μ
980 4671 1129 4738 'mm‘
1153 4688 1258 4740 pnnoe-
1308 4690 1358 4754 oio
1390 4689 1502 4756 deesse
1533 4693 1624 4758 nolis.
1632 4693 1657 4775 ¹)
1712 4695 1884 4760 Assentior
1915 4705 2023 4761 autem
2057 4697 2117 4763 tibi
2151 4700 2287 4768 nullum

392 4801 423 4881 5)
436 4817 493 4869 pro
509 4805 624 4872 privato,
647 4803 809 4860 Pometinae
825 4806 901 4874 least:
917 4812 990 4875 quot,
1007 4822 1040 4861 ee
1057 4823 1110 4876 quo
1129 4807 1259 4863 &tuleram

288 4868 367 4935 fm'I:
384 4870 495 4939 ahquot.

392 4937 423 5001 6)
441 4940 503 5007 Apo
535 4940 608 5007 apsa
623 4942 764 5008 praebeat:
783 4942 828 4996 Hi.
1411 4947 1439 5014 I)
1457 4949 1488 5002 Ia
1504 4964 1590 5017 more.
1608 4949 1760 5002 virulentia.

393 5005 422 5073 7)
441 4955 546 5062 mg„
561 5024 624 5089 'pro
646 5008 760 5063 Buduso
782 5009 917 5063 Bactrum
945 5012 1077 5076 exhibeat,
1104 5013 1153 5082 qui
1173 5030 1258 5068 unum
1410 5014 1441 5082 3)
1459 5016 1601 5071 Boeotium
1618 5023 1702 5072 notat.

291 5080 397 5128 matum
414 5075 510 5156 habaet
524 5077 609 5157 meus
628 5079 797 5159 superstitem
810 5094 921 5148 eamque
936 5086 1135 5150 manoperam
1152 5097 1258 5138 sonan.
1308 5083 1401 5137 2584.
1415 5085 1444 5151 1)
1464 5085 1529 5139 Mel.
1549 5085 1757 5154 Hardenlrerqs'o
1781 5085 1876 5156 (Oorp.
1905 5086 1968 5156 Res.
1998 5088 2084 5143 VIII.
2106 5087 2188 5158 834).·
2214 5094 2288 5149 Dedi

292 5141 383 5196 2588.
394 5143 422 5208 1)
441 5144 516 5226 Haeo
549 5145 688 5214 epsstolan
722 5146 884 5202 &sonatum
914 5148 1012 5215 fuisse,
1043 5151 1194 5219 complutus
1224 5168 1258 5208 ex
1307 5154 1449 5206 tabellario
1466 5163 1558 5208 vestro
1576 5156 1686 5207 brevem
1704 5156 1845 5225 epistolam
1863 5156 1891 5210 in
1909 5173 1963 5223 qua
1985 5158 2135 5226 significavi
2155 5165 2289 5230 querelas

290 5210 382 5266 Besae
394 5220 560 5281 pertempto
577 5214 615 5268 ad
632 5213 671 5269 N.
688 5212 765 5268 2529.
1306 5221 1359 5275 huo
1375 5222 1489 5290 seriptas
1506 5239 1565 5276 esse
1582 5223 1643 5290 περὶ
1660 5221 1773 5275 δείπνου
1789 5226 1920 5292 κυριακοιῖ
1935 5225 1970 5280 ad
1987 5233 2125 5296 pastorem
2148 5239 2292 5290 nostrum.
