4688 5910
75 317 136 381 685
934 324 1015 385 1557
1039 319 1200 387 ΟΟΨΟΒ.
1997 326 2058 388 686

72 505 129 583 lui,
152 524 253 586 eoque
279 505 385 588 magis
412 504 496 587 quod
526 505 682 589 quamdiu
702 507 738 571 in
755 504 879 591 Belgis,
901 507 943 573 ad
965 528 1045 591 quos
1096 509 1267 594 tractanda
1287 511 1338 575 sit.
1383 509 1457 574 Non
1486 509 1571 592 quod
1598 511 1649 576 vel
1677 511 1745 574 vim
1768 509 1896 576 dicendi
1913 511 1962 576 vel
1984 533 2060 576 eru·

71 589 305 674 profectionem
327 612 416 674 paro,
447 591 714 657 commorandum
736 592 817 657 mihi
844 593 889 658 sit
909 593 1043 677 ignoro:
1097 594 1252 660 ditionem
1281 596 1316 659 in
1343 604 1480 678 patrono
1509 605 1620 661 nostro
1649 594 1840 673 desiderem,
1873 617 1954 679 quae
1981 606 2060 662 sunt

73 696 137 760 quo
160 696 262 759 quum
283 697 350 741 non
372 696 446 741 mea
466 686 583 742 vocent
604 680 743 761 negotia,
771 676 877 744 alieno
899 686 1044 763 tempore
1094 679 1129 744 in
1152 679 1209 745 illo
1237 681 1445 764 amplissima,
1476 678 1534 746 sed
1556 678 1648 747 doleo
1671 682 1711 745 de
1729 689 1777 745 tot
1798 683 1963 763 tantisque
1985 704 2059 764 pro-

71 761 316 845 rationibusque
340 761 585 828 inserviendum
603 764 684 828 mihi
706 762 810 828 video.
854 763 980 847 Itaque,
1001 785 1044 830 ne
1093 764 1169 844 bris,
1193 767 1330 847 quaein
1351 787 1411 832 nos
1428 766 1682 850 religionemque
1703 765 1929 850 indignissime
1951 769 2058 833 conie-

72 848 152 911 dum
173 845 214 912 ad
242 868 299 911 eas
320 868 372 912 me
401 846 571 913 accomodo
593 848 722 914 redeam
746 849 860 930 serius,
881 850 1045 915 intermis-
1093 862 1210 916 cerunt
1227 852 1281 917 vel
1308 852 1508 934 despuerunt
1534 853 1642 935 potius
1663 853 1852 936 nequissimi
1879 852 2060 934 impurissi-

72 933 172 998 sionis
195 932 323 1015 culpam
346 931 508 1009 (simodo
533 934 646 999 futura
667 941 718 1000 est
737 934 820 1015 ulla)
849 956 1044 1019 praecavere
1093 937 1203 1020 mique
1229 936 1386 1017 homines,
1415 958 1452 1002 ea
1480 945 1609 1002 tantum
1637 959 1709 1003 θεεθ
1726 938 1852 1020 prolata
1882 959 1964 1021 quae
1994 959 2059 1004 non

71 1018 170 1096 volui,
200 1018 519 1102 interponendaeque
548 1039 659 1085 morae
687 1040 821 1086 usuram
852 1029 929 1086 ante
947 1041 1042 1104 prae·
1092 1042 1248 1106 magnum
1273 1023 1416 1087 afferunt
1436 1022 1477 1086 ad
1489 1031 1587 1106 caput
1599 1044 1716 1088 causae
1727 1032 1936 1088 momentum.
1966 1024 2058 1090 Haec

71 1112 160 1169 stare
182 1103 242 1167 tibi
261 1124 359 1186 quam
380 1105 440 1170 tibi
461 1104 631 1170 literarum
649 1105 752 1171 ullum
769 1107 913 1172 officium
934 1106 1042 1189 requi-
1093 1115 1172 1172 eunt
1200 1109 1344 1172 omnium
1373 1116 1522 1173 nostrum
1551 1108 1745 1174 elamoribus
1771 1107 1943 1174 refutanda
1964 1109 2058 1175 refal-

71 1210 144 1254 rere
166 1190 295 1254 veniret
311 1190 346 1253 in
363 1198 516 1255 mentem.
549 1190 676 1255 Verum
698 1193 777 1257 satis
795 1192 941 1274 amplum
959 1192 1041 1256 mihi
1091 1192 1252 1275 laudaque
1285 1193 1452 1259 doctorum
1490 1194 1680 1277 piorumque
1719 1193 1995 1259 lucubrationibus
2026 1194 2059 1259 et

71 1272 341 1341 adscribendum
371 1284 601 1359 argumentum
631 1275 784 1355 iudicari,
806 1285 915 1343 tantas
935 1296 1041 1343 acces·
1092 1279 1185 1361 quasi
1214 1280 1310 1362 stylis
1338 1277 1566 1356 confodienda,
1595 1278 1681 1363 quod
1703 1279 1837 1345 Christo
1858 1279 2002 1344 illudunt
2022 1281 2058 1344 in

71 1360 497 1444 sionesprogressionesque
519 1363 789 1445 serpentisatque
807 1364 917 1428 omnia
938 1384 1040 1446 paene
1090 1365 1194 1446 ipsius
1227 1382 1376 1446 corpore,
1416 1364 1478 1428 hoo
1510 1373 1561 1428 est
1596 1368 1631 1428 in
1663 1365 1755 1430 nobis
1788 1386 1868 1447 quos
1900 1365 2058 1430 crudelia-

71 1447 213 1511 tenentis
249 1455 283 1510 ct
315 1447 557 1528 complectentis
586 1448 760 1531 evangelii:
790 1470 860 1513 rem
889 1456 928 1513 ut
954 1449 1040 1514 lectu
1091 1450 1172 1515 sime
1201 1449 1289 1514 cruci
1325 1450 1503 1514 affixerunt
1537 1450 1660 1531 ipsius,
1698 1449 1784 1533 quod
1813 1449 2057 1534 Anabaptistae,

70 1530 249 1596 ineundam
278 1531 346 1609 tibi,
373 1534 420 1596 ita
451 1553 536 1615 quae
565 1553 617 1598 me
639 1535 710 1616 ipsa
732 1534 928 1618 cogitatione
948 1534 1039 1598 miri·
1090 1536 1346 1613 sacramentarii,
1370 1534 1468 1599 alieni
1486 1535 1526 1600 ab
1544 1536 1633 1599 omni
1655 1536 1813 1619 religione
1834 1535 1982 1614 dicimur,
2003 1534 2058 1601 de·

70 1619 133 1683 fica
155 1617 322 1700 voluptate
349 1618 555 1701 permulceat.
596 1617 691 1699 Quod
714 1620 800 1683 enim
824 1620 963 1685 abiectos
980 1640 1040 1684 nos
1090 1641 1252 1685 vovemur
1278 1621 1367 1685 omni
1400 1620 1633 1702 suppliciorum
1663 1622 1847 1697 acerbitati,
1882 1620 1966 1703 quod
1988 1640 2058 1686 om·

69 1704 104 1766 in
124 1703 257 1768 leonum
279 1723 410 1785 specum
421 1708 448 1782 ²)
469 1711 561 1768 tanto
573 1705 727 1770 miraculo
748 1712 904 1788 tantaque
916 1706 1040 1770 virtute
1089 1708 1182 1771 nium
1217 1706 1368 1788 impietas
1402 1706 1557 1787 furorque
1590 1708 1717 1771 acuitur
1753 1707 1787 1770 in
1816 1727 1885 1771 noa.
1937 1707 2058 1788 Ecquis

70 1789 219 1854 servavit
251 1798 426 1871 servatque
458 1790 635 1855 incolumes
668 1790 845 1867 Dominus,
879 1790 965 1873 quod
998 1790 1039 1855 ab
1089 1812 1169 1856 vero
1191 1791 1275 1856 ferat
1295 1801 1500 1856 sacrosancta
1512 1790 1575 1855 Dei
1594 1791 1726 1857 oracula
1745 1792 1937 1875 divinosque
1958 1790 2057 1857 libros

70 1895 183 1939 eorum
205 1875 352 1940 faucibus
379 1875 507 1957 eripuit,
537 1875 621 1957 quod
649 1896 761 1940 eorum
783 1875 897 1941 dentes
918 1877 1039 1954 atterit,
1089 1898 1107 1940 θ
1130 1877 1281 1942 manibus
1310 1878 1429 1941 nostris
1457 1877 1580 1955 excuti,
1609 1876 1785 1960 inquibus
1811 1876 1866 1941 diu
1895 1886 2056 1959 noctuque

70 1961 193 2044 gratias
222 1969 275 2036 (ut
302 1981 361 2043 par
393 1967 456 2039 θεῖ)
479 1961 606 2044 agimus
628 1960 795 2026 liberatori
816 1963 1039 2043 servatorique
1089 1962 1256 2026 hortatore
1277 1971 1310 2026 ot
1331 1963 1486 2046 magistro
1508 1963 1625 2044 spiritu
1648 1970 1759 2027 saneto
1777 1983 1956 2041 versamur,
1978 1982 2059 2044 quo·

70 2056 180 2111 nostro
213 2045 344 2127 optimo,
375 2066 412 2110 ac
438 2066 496 2128 spe
525 2067 645 2129 magna
676 2047 712 2110 in
734 2056 900 2128 posterum
922 2048 1038 2112 confir·
1089 2067 1227 2130 rumque
1260 2060 1418 2130 perpetua
1456 2045 1594 2113 lectione
1634 2056 1855 2112 sustentamus
1888 2048 1922 2111 in
1955 2049 2057 2112 tantis

69 2133 150 2196 mati
172 2129 292 2212 ubique
316 2129 429 2196 laudes
457 2133 527 2197 eius
554 2130 787 2213 praedicamus,
812 2141 941 2196 tantum
964 2152 1038 2214 pro·
1088 2133 1184 2198 malis
1217 2153 1307 2214 spem
1341 2132 1618 2198 immortalitatis?
1661 2133 1706 2197 Et
1738 2140 1861 2216 negant
1892 2142 2002 2197 tamen
2036 2153 2056 2196 a

69 2226 239 2282 moventes
250 2225 410 2298 quantum
422 2216 580 2281 miramur
601 2226 635 2281 et
656 2216 923 2300 obstupescimus.
958 2216 1037 2283 Oer-
1089 2217 1182 2282 nobis
1204 2218 1313 2298 recipi,
1343 2217 1405 2283 hoc
1425 2226 1484 2297 ost,
1512 2219 1552 2282 ab
1574 2218 1706 2300 optimis
1728 2219 1818 2295 viris,
1847 2239 1926 2299 quos
1948 2219 2057 2282 nobis·

69 2303 136 2366 tius
163 2311 199 2367 tu
228 2301 309 2368 haec
339 2302 468 2385 quidem
498 2302 538 2367 ab
567 2302 639 2366 aliis
668 2304 818 2368 fortasse:
849 2302 906 2368 sed
928 2312 1038 2368 tamen
1088 2323 1164 2368 cum
1186 2304 1329 2385 optimae
1350 2303 1496 2386 parentis
1518 2302 1672 2370 ecclesiae
1693 2305 1807 2386 genuit
1825 2302 1976 2368 Christus
1998 2324 2056 2385 per

69 2388 161 2452 iuvat
182 2388 263 2453 haec
285 2387 398 2452 eadem
421 2388 532 2452 audire
550 2387 677 2453 millies.
707 2389 826 2454 Massia
844 2388 1039 2470 tempestiva
1089 2388 1239 2471 spiritum
1269 2409 1365 2454 suum
1394 2397 1551 2454 sanctum.
1595 2389 1838 2472 Impudentiam
1866 2410 1942 2452 vero
1971 2388 2056 2454 hano

69 2473 259 2538 maturitate
286 2473 407 2538 caduca
433 2480 497 2538 est:
527 2473 620 2538 nobis
646 2472 789 2539 orandus
813 2475 975 2538 Dominus
1004 2481 1038 2538 et
1089 2473 1162 2557 quis
1191 2475 1275 2538 ferre
1303 2475 1405 2557 possit
1434 2472 1635 2552 stomachus,
1665 2474 1751 2557 quod
1773 2474 1897 2539 Christi
1927 2495 2055 2549 nomen,

67 2559 236 2642 perpetuis
264 2558 414 2642 precibus
437 2556 620 2624 exorandus
642 2581 704 2642 quo
726 2581 886 2625 messores
908 2580 1037 2642 operas·
1090 2581 1154 2642 quo
1176 2559 1355 2642 gloriamur
1372 2556 1516 2640 adoptati
1538 2560 1573 2623 in
1591 2561 1655 2624 Dei
1677 2560 1834 2624 familiam
1856 2558 1913 2623 illo
1934 2568 2055 2638 autore,

68 2665 131 2726 que
160 2645 269 2709 mittat
295 2646 329 2709 in
360 2663 441 2727 opus
469 2666 565 2709 suum
591 2655 688 2727 atque
716 2646 915 2710 frumentum
943 2653 1037 2729 cogat
1089 2643 1183 2710 nobis
1210 2643 1289 2710 adeo
1319 2642 1504 2709 domabitur
1532 2644 1571 2709 ab
1603 2647 1643 2709 iis
1676 2646 1712 2710 in
1741 2645 1860 2727 quibus
1889 2643 2055 2727 religionis

68 2730 104 2795 in
126 2731 281 2795 horreum
298 2751 403 2796 suum.
1089 2731 1199 2796 nullus
1222 2737 1271 2795 est
1298 2751 1386 2811 usus,
1413 2729 1498 2811 quod
1527 2730 1727 2813 corporalem
1750 2729 1876 2795 Ohristi
1903 2749 2057 2813 praesen·

156 2815 263 2880 Allata
290 2815 331 2880 ad
360 2836 420 2881 nos
454 2824 503 2880 est
529 2816 690 2900 Apologia
702 2819 730 2893 8)
757 2818 792 2880 in
821 2815 1036 2893 Advocatum
1089 2817 1168 2880 tiam
1190 2816 1225 2880 in
1242 2815 1390 2900 symbolo
1411 2814 1597 2898 εὐχαριστίας
1614 2835 1681 2880 non
1698 2815 1932 2881 constituimus.
1970 2814 2056 2880 Nam

70 2902 186 2967 acerba
207 2900 338 2983 quidem
358 2910 391 2966 et
420 2902 606 2980 vehemens,
636 2901 693 2968 sed
716 2923 798 2985 quae
823 2901 959 2967 obscure
979 2922 1037 2966 ne-
1088 2901 1207 2966 horum
1228 2921 1289 2985 ego
1311 2901 1505 2984 cogitatione
1526 2902 1737 2983 perhorresco
1759 2910 1861 2979 totus,
1891 2899 1977 2984 quod
1999 2920 2057 2965 na·

68 2987 135 3052 scio
152 3007 246 3069 quem
275 2987 485 3071 perstringat.
530 2988 615 3052 Nam
637 3008 738 3070 quum
758 2987 905 3070 plerique
925 2988 961 3051 in
982 3008 1037 3053 ea·
1088 2996 1183 3052 turae
1203 2987 1302 3070 leges,
1324 3007 1405 3069 quas
1423 3007 1521 3052 omne
1542 3007 1647 3071 genus
1669 2986 1885 3052 animantium
1907 2985 2057 3070 religiosa

68 3072 144 3138 dem
176 3091 274 3138 causa
306 3073 382 3150 sint,
416 3073 452 3136 in
482 3093 579 3155 quem
613 3073 818 3155 potissimum
847 3082 1037 3155 torqueatur
1087 3073 1172 3152 colit,
1195 3093 1215 3137 a
1236 3071 1329 3138 nobis
1351 3071 1468 3137 violari
1490 3081 1524 3137 et
1545 3071 1677 3155 effringi
1698 3071 1946 3137 sceleratissime
1963 3091 2057 3136 men·

68 3159 131 3223 hoc
163 3158 275 3237 telum,
304 3158 409 3222 multo
441 3158 526 3223 foret
556 3159 713 3224 incertius
743 3159 805 3223 nisi
838 3177 977 3223 aeneum
999 3178 1036 3224 os
1087 3159 1230 3223 tiuntur:
1263 3158 1465 3240 promiscuos
1493 3159 1587 3222 aiunt
1612 3177 1683 3223 esse
1714 3155 1921 3235 concubitus,
1955 3177 1997 3224 va

68 3244 300 3326 percelleretur
332 3244 426 3327 quale
448 3244 610 3327 plerisque
627 3245 682 3327 qui
704 3244 790 3309 hanc
812 3263 943 3308 causam
962 3265 1036 3328 ege-
1087 3241 1248 3322 libidines,
1277 3241 1362 3307 nihil
1384 3249 1533 3309 sanctum
1555 3250 1613 3308 aut
1633 3242 1824 3327 religiosum
1845 3262 1924 3309 esse.
1964 3244 1995 3305 A
2018 3262 2056 3306 eo

67 3336 149 3394 runt
167 3329 255 3394 idem
277 3338 335 3395 est.
379 3329 465 3394 Nam
487 3328 627 3412 quaeda
649 3329 758 3394 Numa
778 3329 942 3412 Pompilio
962 3329 1037 3412 plu·
1087 3328 1171 3393 nihil
1199 3336 1267 3393 tam
1288 3328 1455 3414 excellens
1477 3328 1690 3411 divinumque
1716 3335 1766 3394 est
1791 3326 1877 3411 quod
1897 3347 1967 3391 non
1987 3327 2056 3409 pol-

68 3414 160 3480 ribus
181 3412 289 3481 verbis
311 3422 494 3480 tractantur
514 3436 574 3480 nec
596 3435 795 3499 equoquam
816 3414 905 3480 diota
925 3413 1037 3480 audivi
1085 3415 1155 3478 luat
1175 3422 1209 3480 et
1234 3414 1359 3479 inficiat
1380 3413 1544 3480 virulenta
1568 3413 1781 3497 sordibusque
1802 3419 1957 3495 corrupta
1976 3413 2056 3478 isto·

66 3520 128 3566 nec
156 3499 339 3584 quaerendo
366 3501 456 3583 potui
476 3520 678 3584 cognoscere.
721 3500 775 3565 Ita
795 3501 849 3565 vir
870 3499 984 3565 doctus
1004 3507 1038 3564 et
1085 3522 1161 3565 rum
1178 3500 1349 3565 hominum
1366 3499 1487 3583 lingua.
1523 3500 1682 3565 Poterant
1701 3497 1923 3582 haecquidem
1937 3497 2056 3580 probra

65 3587 143 3669 pius
176 3587 286 3653 elusus
318 3586 487 3652 mendacio
517 3588 614 3652 iactat
644 3586 772 3652 baebio
797 3586 1037 3667 protendens!
1086 3585 1185 3650 unius
1214 3585 1424 3650 confessionis
1452 3592 1584 3651 nostrae
1611 3585 1749 3651 lectione
1778 3585 1896 3663 refelli,
1930 3582 1987 3649 sed
2018 3604 2056 3648 ea

66 3671 205 3737 verbm
215 3673 327 3738 ictidas
336 3692 443 3738 ouras.
456 3676 483 3747 ⁴)
516 3670 603 3737 Nam
624 3673 652 3738 si
673 3671 756 3736 mihi
777 3671 942 3755 permittis
954 3691 1036 3755 quae
1086 3691 1255 3753 uunquam
1276 3672 1413 3736 recitata
1435 3692 1472 3736 ac
1494 3691 1537 3734 ne
1554 3671 1655 3737 citata
1672 3670 1813 3755 quidem.
1848 3669 1961 3736 Unum
1983 3676 2054 3733 tan-

67 3759 207 3823 sentiam
224 3758 325 3824 libere
347 3757 496 3835 scribere,
514 3765 586 3822 tota
603 3777 700 3824 cauea
721 3758 853 3841 gravior
869 3765 920 3828 est
936 3777 1036 3840 quam
1086 3763 1159 3820 tum
1181 3762 1240 3819 aut
1260 3755 1401 3820 alterum
1422 3766 1519 3839 caput
1541 3756 1675 3840 excipio.

66 3851 105 3908 ut
126 3843 266 3928 simplici
295 3842 480 3909 defensione
503 3851 658 3909 contenta
684 3843 735 3909 sit.
776 3841 853 3908 Stat
873 3844 944 3925 ipsa
964 3843 1035 3926 qui·
1171 3840 1221 3905 Tu
1251 3839 1330 3924 quid
1359 3841 1544 3907 faciendum
1572 3842 1616 3908 sit
1636 3861 1695 3925 pro
1717 3848 1775 3905 tua
1796 3839 1955 3924 singulari
1977 3860 2055 3922 pru·

66 3928 142 3994 dem
164 3950 225 3993 suo
246 3930 360 3995 robore
382 3937 415 3994 et
436 3938 569 3994 aeterna
590 3928 654 3994 Dei
675 3929 815 3994 veritate
834 3928 1034 4004 confirmata,
1086 3925 1197 3991 dantia
1217 3925 1312 3991 facile
1330 3928 1516 3992 constitues.
1551 3927 1624 4010 Ego
1641 3933 1743 3991 totam
1762 3945 1893 3992 oausam
1911 3926 2055 4009 graviter

64 4013 257 4097 munitaque
286 4023 335 4080 θεῖ
364 4014 671 4085 adversusomnem
701 4014 848 4079 omnium
869 4013 1034 4092 iniuriam,
1086 4020 1120 4076 et
1137 4010 1289 4077 distincte
1311 4012 1445 4078 tractari
1461 4014 1703 4098 excogitarique
1719 4011 1848 4089 vellem,
1866 4022 1924 4075 aut
1942 4011 1970 4075 si
1986 4030 2053 4075 nou

63 4120 108 4163 ne
125 4097 232 4165 dicam
262 4101 538 4183 sycophantarum
565 4100 818 4182 rabularumque
840 4099 966 4182 aliquot
983 4117 1035 4162 ca-
1086 4103 1183 4179 putas
1202 4099 1429 4176 necessarium,
1457 4098 1630 4164 historiam
1657 4098 1706 4162 rei
1732 4104 1842 4180 gestae
1864 4095 2054 4245 simpliciter

63 4184 243 4264 lumniam,
272 4191 310 4250 ut
338 4186 393 4252 vel
423 4185 547 4251 nullius
575 4186 756 4270 patrocinio
789 4191 892 4268 egeat,
926 4183 978 4250 vel
1007 4182 1035 4249 si
1086 4192 1120 4247 et
1141 4182 1228 4248 nude
1250 4202 1270 4246 a
1291 4183 1425 4249 Nicolao
1446 4191 1557 4249 nostro
1586 4183 1744 4249 Villeroao
1760 4187 1785 4259 ³)
1807 4181 1933 4246 conseri
1955 4181 1975 4259 i,
1997 4180 2053 4264 qui

63 4271 254 4337 vindicatur
285 4291 344 4353 pro
376 4271 480 4354 ipsius
507 4271 676 4337 maiestate
708 4272 853 4355 graviter
875 4268 1036 4354 digneque
1086 4268 1147 4332 toti
1176 4289 1217 4333 ne
1240 4269 1305 4334 otio
1335 4289 1400 4333 non
1429 4269 1534 4333 solum
1563 4267 1715 4334 interfuit
1742 4267 1800 4334 sed
1828 4267 1927 4331 etiam
1959 4286 2053 4349 prae-

1085 4353 1158 4418 fuit
1236 4374 1273 4418 os
1300 4375 1412 4420 omnes
1434 4355 1497 4419 Dei
1524 4354 1642 4420 merito
1664 4352 1810 4418 valemus
1836 4359 1874 4417 ut
1895 4352 1950 4416 hio
1978 4371 2053 4433 pos·

67 4496 271 4507 ..—
1085 4459 1210 4505 sumus.
1243 4439 1354 4504 Deum
1376 4460 1431 4505 oro
1454 4449 1486 4505 et
1507 4439 1651 4505 obtestor
1672 4460 1730 4522 per
1752 4438 1862 4504 Iesum
1880 4437 2052 4504 Ohristum

1085 4523 1265 4590 Dominum
1287 4534 1436 4591 nostrum
1458 4534 1496 4590 ut
1522 4532 1555 4590 ῖθ
1583 4533 1721 4606 tuosque
1748 4529 1948 4608 symmystas
1968 4523 2053 4607 opti·

1085 4631 1156 4676 mos
1178 4610 1438 4694 clarissimosque
1460 4611 1547 4677 viros
1569 4611 1721 4676 ecclesiae
1744 4629 1821 4674 suae
1839 4608 2052 4691 quamdiutis·

167 4680 198 4814 ἐξ
215 4681 383 4807 filma
391 4680 772 4820 &bxpf-dffilwziiaffl
788 4749 909 4805 meaos
927 4749 984 4818 ⁰9⁶¹
1001 4747 1035 4803 de
1084 4696 1167 4762 uma
1188 4696 1366 4763 incolumes
1388 4717 1459 4763 esse
1480 4696 1640 4779 patiatur:
1664 4695 1784 4760 nostris
1801 4713 1880 4759 vero
1898 4693 2052 4760 heroibus

63 4818 202 4888 Apologia
220 4835 274 4889 quo
322 4820 339 4873 'a‘
353 4818 567 4875 vindicabantur
583 4835 602 4873 a
618 4819 763 4875 columniis
781 4818 814 4873 de
834 4820 956 4885 ipsoram
971 4831 1035 4871 aoc-

63 4889 156 4942 rarna's
177 4902 280 4944 ceuceu
374 4889 490 4957 θρανείε.
524 4887 665 4959 (Mortprs
685 4884 819 4954 Mtte.
837 4886 910 4940 Ηϊθῖ
932 4884 1033 4941 eccll.
1083 4888 1286 4897 ''m“

64 4953 118 5009 120
133 4956 185 5023 aa.)
218 4956 281 5011 Une
303 4957 428 5027 apologia
449 4974 499 5026 par
521 4958 547 5011 le
569 4965 681 5026 pasteur
702 4956 736 5008 de
760 4954 898 5011 chaudieu
920 4952 962 5006 fut
983 4952 1033 5005 im·

61 5024 265 5147 primdesmais
285 5026 355 5080 trois
375 5026 535 5082 refutatione
557 5026 725 5094 catholiques
742 5023 821 5077 d'uue
838 5023 958 5076 extrem
975 5021 1033 5076 rio·
1185 5018 1214 5090 b)
1234 5018 1267 5075 a·
1286 5019 1491 5144 reeeruhgpnuod
1513 5018 1647 5142 aspapicati
1670 5018 1774 5083 mesas)
1796 5017 1862 5072 aare
1921 5016 1928 5030 ⁶
2014 5015 2052 5070 ud

90 5111 109 5146 u
1456 5125 1462 5138 .
1547 5127 1554 5141 .

89 5109 141 5174 Ιθθ
158 5111 178 5164 y
195 5092 372 5164 repondirent
388 5110 457 5164 ceup
478 5111 525 5148 eur
543 5110 621 5163 coup.
657 5091 807 5162 (Goquerel,
824 5090 899 5145 Hie.
916 5089 949 5144 de
965 5086 1032 5160 repr.
1083 5088 1273 5158 maronae
1293 5088 1368 5159 prid.
1481 5087 1544 5171 Sep.
1559 5085 1640 5170 ‘recl
1665 5085 1809 5168 referende
1832 5090 1879 5151 eat,
2007 5083 2052 5139 bie

61 5162 116 5228 ref.
135 5160 542 5302 degatgp'raffill‘pmossw
560 5162 615 5232 ΕΡ·
635 5161 758 5217 Masurii
773 5160 799 5214 l.
818 5159 899 5255 Febr.
916 5155 992 5214 1558.
1081 5173 1187 5294 xrimdnre
1198 5160 1410 5284 &swavm
1427 5174 1466 5212 aa
1482 5152 1663 5223 memmae
1685 5161 1807 5211 mauron
1829 5160 1919 5208 masa
1934 5168 1954 5207 a
1977 5151 2052 5221 plebe
