4688 5902
956 281 1034 341 1557
1056 277 1195 343 MART.

509 463 609 533 26⁰9.

211 685 214 694 ,
314 617 570 683 RIOHERIUS
593 617 805 683 Iucuavo.

160 787 327 854 Primitiae
348 788 562 854 Braeiliaaae.

62 959 211 1025 (Servavit
233 962 305 1014 Besa
328 959 371 1012 55,
391 959 492 1013 Gener.
516 977 544 1027 p.
570 958 628 1027 195,
650 961 731 1014 Laus.
753 977 779 1028 p.
804 958 862 1024 391,
888 959 992 1014 Hanov.
1016 977 1042 1029 p.

284 1026 343 1093 438,
362 1028 472 1082 Chouet.
492 1045 518 1097 p.
536 1027 596 1093 264,
615 1030 700 1082 Amet.
718 1046 744 1097 p.
764 1026 835 1094 121).

101 1288 105 1295 ⁵
163 1199 281 1264 Gratia
298 1206 332 1263 51
354 1219 416 1281 551
439 1218 458 1261 5
481 1200 551 1265 Deo
569 1220 626 1281 per
647 1199 757 1264 Iesum
780 1198 957 1265 Christum.

156 1370 255 1434 Nolui
284 1369 427 1434 oblatam
467 1372 666 1436 occasionem
706 1370 899 1452 praeterire,
934 1369 1043 1448 frater,

68 1455 149 1536 quin
172 1466 261 1519 tuam
283 1454 521 1520 humanitatem
550 1456 590 1519 de
612 1455 709 1520 rebus
731 1456 852 1521 nostris
874 1455 1043 1520 certiorem

67 1541 225 1605 facerem:
257 1542 407 1622 inprimis
425 1549 540 1606 uotum
559 1541 617 1605 tibi
635 1563 705 1606 esse
723 1542 821 1606 velim
840 1541 1043 1618 beneficium,

68 1626 157 1708 quod
191 1648 210 1690 a
242 1627 384 1691 Domino
413 1628 569 1692 hactenus
603 1627 800 1709 accepimns,
831 1638 867 1691 ut
900 1626 1043 1691 eiusdem

67 1712 210 1778 bonitati
233 1712 377 1796 digneris
399 1713 568 1778 nobiscum
592 1714 714 1796 gratias
736 1712 867 1777 referre.
919 1711 958 1774 Id
980 1713 1043 1776 uti·

69 1819 133 1880 que
164 1810 213 1863 est
246 1798 518 1880 quemadmodum
551 1808 709 1880 optamus.
773 1796 1043 1880 Quandoquidem

67 1885 217 1948 omnium
247 1895 393 1948 nostrum
427 1883 525 1948 talem
566 1905 625 1967 515
658 1906 719 1948 sua
751 1884 896 1949 bonitate
928 1881 1044 1947 habuit

66 1992 190 2047 curam,
213 1978 250 2033 ut
274 1991 332 2051 per
354 1981 419 2033 tam
451 1970 543 2034 varia
565 1979 725 2034 terrarum
748 1979 781 2034 et
809 1969 909 2034 maris
931 1967 1044 2034 515511-

66 2057 176 2131 mina,
211 2076 323 2119 omnes
355 2077 414 2120 nos
446 2057 487 2120 55
517 2065 648 2137 portum
677 2077 774 2121 sanos
806 2064 840 2120 51
866 2054 1044 2119 1555155155

66 2140 268 2226 perduxerit.
288 2144 312 2222 ¹)
363 2140 466 2206 Satan
501 2141 649 2223 quidem,
683 2150 720 2204 ut
752 2148 802 2205 est
834 2142 885 2206 sui
916 2140 1042 2216 similis,

67 2225 209 2291 diversis
239 2248 297 2291 uos
330 2227 365 2290 in
388 2227 504 2291 itinere
535 2227 688 2309 exposuit
719 2226 884 2308 perieulis:
919 2225 976 2290 sed
1008 2233 1045 2290 ut

66 2313 127 2377 filii
148 2312 224 2396 (etsi
242 2314 304 2378 hoc
328 2313 457 2377 nomine
479 2311 621 2396 indigni)
642 2313 768 2394 experti
786 2333 898 2377 sumus
916 2332 1044 2393 semper

67 2400 154 2463 tanti
175 2399 278 2481 patris
301 2419 434 2463 menum
457 2399 709 2462 auxiliatricem:
736 2419 834 2482 quam
865 2397 963 2461 etiam
989 2397 1043 2461 be·

65 2485 169 2568 nigno
192 2485 372 2568 exporrigit
394 2485 428 2547 in
452 2483 520 2548 5155
548 2483 654 2566 magis
683 2504 720 2549 ac
747 2483 852 2568 magis
877 2504 955 2566 erga
975 2504 1041 2548 nos.

65 2571 184 2635 Altero
211 2570 263 2635 515
298 2580 468 2653 postquam
501 2569 686 2652 appulimus
726 2569 911 2652 Villapaqao
939 2569 1044 2633 voluit

65 2657 205 2721 verbum
227 2657 291 2720 Dei
314 2656 442 2738 publico
467 2654 660 2737 praedicari:
685 2653 803 2719 deinde
832 2655 1042 2736 subsequenti

66 2740 272 2808 hebdomada
306 2751 547 2807 sacrosanctum
580 2740 706 2806 Christi
738 2760 873 2804 coenam
905 2739 1042 2804 admini-

66 2828 166 2891 strari
199 2828 373 2909 expetivit,
405 2848 502 2910 quam
535 2834 568 2891 et
600 2827 669 2908 ipse
692 2847 766 2892 cum
788 2825 911 2907 aliquot
932 2846 950 2889 5
972 2824 1040 2890 51115

67 2912 254 2978 domesticis
273 2912 423 2997 religiose
445 2912 534 2986 adiit,
557 2910 684 2976 reddita
703 2912 843 2994 primum
865 2930 943 2975 51155
964 2909 1040 2974 11551

67 2999 196 3062 1511555
225 3020 298 3064 cum
322 3020 442 3082 magna
461 2997 615 3064 ecclesiae
636 3018 720 3079 quae
750 2996 863 3061 aderat
892 2994 1040 3060 aedifica-

67 3085 165 3149 tione.
177 3087 206 3156 ²)
250 3082 340 3165 Quid
370 3084 570 3149 commodius
594 3091 706 3148 nostro
736 3083 885 3148 instituto
914 3083 1039 3146 contin·

63 3193 143 3258 gere
166 3170 314 3253 poterat?
346 3168 436 3251 Quid
458 3169 587 3234 demum
611 3171 696 3235 votis
718 3169 869 3233 omnibus
892 3180 1039 3232 nostrum

63 3255 288 3339 respondisset
305 3257 533 3339 opportunius,
552 3276 650 3337 quam
671 3265 708 3319 ut
730 3254 782 3318 bis
801 3253 934 3319 tesseris
955 3252 1041 3335 apud

64 3365 127 3409 nos
149 3363 228 3405 1515
245 3352 417 3425 appareret
439 3340 594 3406 ecclesia?
625 3341 760 3406 Talibus
783 3339 946 3405 beneficiis
969 3339 1041 3422 dig-

65 3438 163 3494 natus
185 3439 234 3493 est
256 3450 316 3493 nos
344 3427 493 3511 prosequi
514 3427 674 3509 benignus
695 3426 751 3490 ille
768 3445 916 3490 summus
938 3434 1039 3505 pater.

65 3515 173 3597 Regio
195 3513 276 3579 haec
298 3525 419 3591 autem,
441 3510 528 3595 quod
546 3513 589 3576 sit
611 3512 735 3577 inculta
753 3531 890 3593 raroque
914 3508 1040 3575 habita-

65 3610 148 3670 tore,
177 3599 261 3664 nihil
291 3601 358 3664 fere
385 3600 507 3682 profert
535 3597 620 3680 quod
649 3605 812 3662 nostrates
835 3597 885 3662 151
909 3605 1041 3680 gustaro

65 3686 198 3751 vellent.
221 3685 351 3749 Milium
371 3683 512 3767 quidem,
535 3684 617 3748 ficus
635 3683 811 3766 sylvestres
829 3689 862 3746 et
884 3680 1040 3764 quasdam

65 3771 193 3837 radices
214 3771 330 3854 quibus
352 3771 491 3835 farinam
515 3767 556 3833 ad
586 3769 740 3834 viaticum
764 3768 949 3846 conficiunt,
973 3767 1040 3830 suis

66 3858 176 3943 gignit
198 3857 325 3922 ineolis.
375 3857 502 3921 Panem
525 3876 602 3920 vero
624 3874 691 3919 non
713 3853 821 3929 babet,
845 3874 903 3918 uec
925 3850 1040 3916 viuum

65 3953 124 4009 aut
145 3942 224 4025 quid
247 3945 324 4008 vino
346 3942 533 4024 proximum
556 3941 687 4022 profert.
723 3939 794 4003 Imo
817 3959 876 4003 nec
898 3938 1039 4002 fructum

64 4030 209 4111 aliquem
221 4037 334 4111 (quem
352 4027 589 4177 noverimgquo
607 4025 797 4109 quandoque
808 4024 859 4088 1151
871 4021 1038 4086 fuerimus.

64 4115 290 4179 Nihilominus
318 4123 427 4178 tamen
456 4112 549 4176 uois
578 4113 661 4177 bene
692 4119 750 4189 est,
778 4118 811 4173 et
838 4116 925 4173 recte
950 4107 1039 4172 vale·

65 4220 157 4265 mus:
191 4200 257 4264 imo
279 4208 316 4265 ut
338 4221 389 4263 me
412 4197 554 4280 exempli
588 4198 657 4262 1155
690 4197 861 4280 proferam,
894 4193 1040 4278 vegetior

65 4307 140 4350 sum
164 4286 270 4350 solito:
301 4285 358 4350 sed
383 4294 416 4348 et
438 4282 471 4347 15
500 4281 651 4348 omnibus
681 4283 754 4348 aliis
781 4296 952 4346 commune
979 4292 1037 4344 cst.

65 4460 272 4471 ...—

69 4576 203 4641 260111)
222 4575 285 4630 555.
314 4576 347 4629 de
374 4574 399 4628 L
453 4615 460 4640 ,
504 4578 535 4628 ei
565 4574 673 4628 11111115
699 4573 789 4627 accim
812 4572 905 4637 suaet
931 4572 960 4623 ia
987 4585 1038 4622 aaa

67 4645 188 4698 Histoire
211 4646 275 4698 d’un
300 4661 401 4714 voyage
438 4645 492 4697 aiot
516 4661 549 4696 eu
573 4644 599 4695 la
621 4649 694 4695 terre
717 4641 751 4692 de
776 4640 864 4693 Bresil
887 4644 1039 4692 entremeut

67 4713 126 4766 dite
140 4715 289 4782 Amerique
308 4714 338 4766 20
355 4714 397 4767 ed.
411 4715 478 4767 Gen.
496 4710 564 4766 1580
582 4711 648 4764 dicit
665 4724 710 4763 eos
728 4708 769 4761 10.
781 4708 882 4762 Martii
897 4707 1039 4783 15155511·

67 4783 140 4835 licea
162 4783 237 4836 Hiat.
255 4784 315 4837 ecel.
336 4783 356 4835 l.
375 4782 424 4835 159
442 4783 519 4849 ipsae
536 4795 625 4834 aenae
640 4778 728 4844 (aisse
745 4778 873 4841 1115111151.
898 4775 941 4830 151
959 4779 1038 4829 etiem

65 4850 187 4916 refertur
210 4853 303 4906 51151111
325 4851 504 4918 expeditionis
527 4849 702 4917 Viliepepuoa
722 4846 813 4913 pridie
838 4845 893 4924 Oai:
918 4843 1040 4898 Martiae

69 4919 273 4974 Geneomeibue
296 4921 437 4987 scripsisse
453 4919 486 4972 de
504 4934 594 4972 eorum
611 4916 742 4978 adveatu,
766 4915 815 4968 abi
835 4919 926 4980 551155
946 4912 1039 4979 pridie

67 4988 130 5043 Cal.
149 4990 259 5057 Apriles
275 4988 332 5041 diei
357 4987 498 5043 5151115511.
536 4985 677 5040 Caeterum
699 4983 760 5038 eide
783 4982 897 5035 aderam
917 4979 1041 5035 Ricberii

64 5060 193 5127 proxime
208 5063 365 5127 sequentem.
931 5117 935 5128 Ι
992 5119 996 5129 .

172 5126 289 5196 11515
304 5125 360 5179 ieta
383 5124 537 5193 1555511155
554 5124 610 5176 oiri
625 5136 680 5175 aaa
698 5120 748 5174 diu
764 5123 958 5187 pererravit,
984 5132 1038 5171 5115

66 5197 150 5266 pleae
167 5198 198 5250 ia
215 5196 383 5251 5551151155
399 5195 475 5249 obii.

175 5282 285 5337 05151111
298 5295 388 5351 opera.
430 5279 485 5335 Vol.
506 5277 587 5332 XVI.

2004 287 2068 350 434

1095 466 1296 532 Beneficium
1318 470 1386 534 5511
1407 469 1606 533 adscriberet
1623 469 1788 554 physicus,
1807 472 1861 552 qui
1880 473 1960 537 5555
1982 484 2068 538 tem·

1095 563 1226 634 peratus
1246 554 1289 617 sit
1307 563 1344 618 ut
1363 563 1472 619 nostro
1490 553 1684 636 respoudeat
1702 557 1801 620 Maio.
1824 556 1892 622 Sed
1914 568 2068 624 natanta

1094 659 1222 702 summo
1244 638 1291 701 1111
1314 641 1458 704 51511155
1479 650 1513 704 51
1537 640 1658 722 5511155
1681 642 1808 705 numini
1829 643 1991 725 irrogetur
2014 646 2068 708 in·

1095 723 1188 799 iuria,
1208 721 1410 807 dicamquod
1432 726 1544 791 sentio.
1569 726 1642 791 Hoc
1660 726 1755 791 modo
1776 736 1946 808 paternum
1969 751 2067 796 suum

1095 809 1248 872 affectum
1271 810 1362 874 uobis
1385 812 1489 892 aperit
1511 809 1613 875 bouus
1636 810 1691 875 ille
1709 812 1857 878 eoelestis
1879 824 1979 894 pater,
2009 816 2065 897 qui

1095 891 1147 958 bic
1169 895 1203 957 in
1227 905 1292 959 tam
1314 896 1450 960 barbaro
1480 907 1513 959 51
1534 896 1655 977 agresti
1678 897 1744 960 solo
1773 920 1867 962 suum
1892 901 1982 964 uobis
2004 902 2065 964 mi·

1095 978 1214 1043 nistret
1240 981 1394 1057 favorem,
1423 979 1502 1046 adeo
1533 995 1568 1044 ut
1598 982 1804 1063 experiamur
1834 985 1987 1049 viaticum
2011 986 2066 1050 bo·

1095 1065 1193 1129 minis
1215 1064 1355 1146 pendere
1387 1086 1453 1129 nou
1480 1086 1610 1147 epane,
1637 1066 1695 1131 sed
1717 1089 1734 1131 e
1754 1067 1854 1132 verbo
1878 1070 1951 1148 Dei,
1974 1071 2066 1134 5111115

1095 1149 1187 1213 favor
1208 1148 1259 1214 hic
1280 1150 1372 1215 nobis
1394 1163 1444 1216 est
1465 1152 1610 1216 omnium
1634 1152 1817 1216 delitiarum
1836 1153 1913 1218 loco.
1952 1155 2065 1220 Unum

1096 1243 1145 1298 est
1167 1236 1252 1317 quod
1275 1258 1333 1301 555
1356 1257 1420 1300 non
1439 1235 1643 1301 mediocriter
1661 1250 1755 1320 urget
1777 1247 1811 1301 51
1832 1241 1931 1325 angit,
1954 1241 2064 1323 populi

1095 1320 1218 1385 scilicet
1241 1321 1414 1398 barbaries,
1438 1332 1633 1403 5115515515
1655 1334 1704 1387 551
1725 1333 1761 1386 ut
1784 1324 1977 1390 1551515555
1998 1346 2065 1390 non

1096 1407 1207 1487 possit.
1259 1407 1332 1471 Nou
1356 1406 1953 1492 5115155555515155151555511551,
1976 1410 2064 1493 quod

1095 1500 1205 1554 tamen
1238 1490 1303 1555 11115
1341 1493 1420 1557 5555
1455 1493 1590 1574 11115515
1622 1507 1671 1556 551
1699 1507 1735 1556 111
1766 1495 1813 1557 511
1844 1496 1964 1578 magis:
2006 1497 2064 1561 sed

1095 1576 1187 1640 doleo
1220 1597 1362 1642 crassam
1391 1578 1509 1642 mentis
1536 1578 1681 1659 ipsorum
1711 1578 1949 1657 hebetudinem,
1982 1602 2064 1663 quae

1095 1662 1265 1726 55511515
1288 1664 1429 1728 tenebris
1453 1673 1561 1726 tamen
1585 1662 1835 1746 5515515551115.
1869 1664 1921 1730 De
1945 1667 2064 1732 virtute

1095 1749 1367 1830 551115511515115
1396 1749 1503 1812 ethica
1529 1747 1614 1811 nihil·
1634 1760 1753 1812 norunt
1780 1771 1920 1831 prorsus,
1944 1751 2063 1816 bonum

1096 1855 1115 1896 a
1144 1833 1229 1897 malo
1257 1854 1323 1897 non
1352 1842 1533 1909 secernunt,
1555 1832 1702 1914 ¹denique
1729 1834 1811 1898 vitia
1836 1855 1918 1916 quae
1947 1848 2065 1903 natura

1096 1919 1130 1980 iu
1154 1919 1289 1983 55515115
1312 1920 1463 2000 gentibus
1493 1919 1686 1982 naturaliter
1707 1919 1815 2000 arguit
1837 1920 1906 1985 loco
1933 1922 2063 1987 virtutis

1097 2004 1231 2067 babent:
1251 2003 1365 2068 saltem
1379 2004 1532 2067 vitiorum
1546 2001 1778 2084 turpitudinem
1796 2025 1862 2068 uon
1873 2021 2063 2088 agnoscunt,

1096 2089 1176 2153 adeo
1198 2099 1235 2152 ut
1257 2089 1318 2153 hee
1341 2090 1374 2152 in
1398 2110 1433 2152 15
1455 2108 1475 2151 5
1497 2088 1600 2153 5111115
1627 2110 1741 2170 551551
1772 2090 1932 2154 differant.
1983 2092 2064 2157 Cae·

1096 2184 1201 2237 terum
1224 2174 1477 2255 quodomnium
1500 2175 1807 2256 perniciosissimum
1830 2184 1888 2251 551,
1913 2176 1992 2241 15151
2010 2199 2064 2243 555

1096 2260 1202 2324 ausit
1224 2261 1324 2338 Deus,
1346 2269 1473 2323 tautum
1496 2260 1586 2323 abest
1607 2269 1643 2323 ut
1665 2258 1770 2342 legem
1792 2261 1862 2325 eius
1881 2261 2063 2339 observent,

1096 2345 1150 2410 vel
1172 2346 1351 2427 potentiam
1373 2356 1406 2409 et
1424 2343 1602 2409 bonitatem
1633 2345 1703 2408 eius
1728 2347 1903 2410 mirentur:
1933 2367 1997 2427 quo
2025 2350 2064 2412 fit

1097 2440 1133 2495 nt
1155 2451 1287 2514 prorsus
1315 2433 1358 2495 511
1380 2429 1472 2494 55515
1494 2429 1645 2511 55515515
1673 2451 1747 2511 5555
1769 2429 1989 2495 lucrifaciendi
2010 2454 2064 2498 eos

1096 2517 1244 2581 Christo:
1268 2517 1353 2598 quod
1372 2526 1410 2579 ut
1427 2517 1572 2580 omnium
1595 2527 1645 2579 est
1657 2517 1896 2598 gravissimum,
1916 2518 1961 2580 ita
1978 2517 2064 2582 inter

1095 2611 1223 2666 caetera
1244 2603 1386 2666 maxime
1408 2622 1505 2684 55515
1527 2601 1669 2664 ferimus.
1720 2600 1826 2665 Audio
1854 2600 1983 2682 quidem
2007 2603 2063 2683 qui

1095 2709 1171 2753 mox
1201 2686 1329 2752 obiiciat
1355 2707 1408 2751 eos
1434 2685 1578 2750 tabulam
1603 2705 1710 2749 rasam
1739 2707 1824 2763 esse,
1854 2707 1937 2767 quae
1969 2687 2064 2753 facile

1094 2775 1160 2837 suis
1179 2773 1282 2855 possit
1300 2770 1431 2854 depingi
1453 2770 1621 2847 5515115115,
1642 2769 1729 2851 511511
1747 2772 1858 2836 551115
1877 2771 2062 2837 5511155551

1093 2859 1237 2924 colorum
1266 2857 1430 2939 splendori
1463 2855 1542 2920 nibil
1577 2855 1693 2920 habeat
1725 2858 1934 2922 contrarium.
1995 2857 2061 2923 Sed

1093 2945 1180 3007 norit
1204 2943 1258 3007 ille
1287 2951 1444 3024 quantum
1475 2941 1631 3022 impediat
1658 2940 1846 3007 idiomatum
1880 2940 2061 3008 5115151155.

1092 3029 1187 3093 Adde
1217 3027 1302 3111 quod
1327 3027 1445 3091 desunt
1478 3025 1569 3091 uobis
1597 3027 1801 3107 interpretes,
1835 3028 1889 3109 qui
1918 3027 2060 3094 Domino

1091 3115 1159 3178 sint
1180 3113 1299 3179 fideles.
1343 3114 1621 3194 Proposueramus
1640 3110 1772 3192 quidem
1795 3111 1925 3176 illorum
1946 3114 2059 3179 minis·

1092 3201 1173 3264 15115
1206 3208 1239 3264 51
1269 3198 1428 3263 155551115
1455 3198 1517 3262 uti:
1550 3196 1673 3261 seilicet
1704 3196 1884 3277 reperimus
1916 3196 1989 3263 illos
2011 3200 2060 3280 ip·

1092 3287 1220 3351 sissima
1253 3306 1323 3349 esse
1351 3283 1495 3349 Satanae
1523 3281 1682 3356 membra,
1704 3281 1821 3363 quibus
1844 3281 1927 3346 nihil
1954 3284 2059 3367 magis

1091 3372 1233 3435 invisum
1254 3390 1350 3452 quam
1368 3379 1515 3433 sanctum
1534 3366 1659 3432 Christi
1677 3367 1892 3449 evangelium.
1916 3368 2059 3434 Proinde

1091 3456 1151 3519 hae
1173 3457 1206 3519 in
1229 3453 1374 3519 ronchis
1395 3474 1512 3535 operae
1534 3452 1673 3534 pretium
1702 3463 1750 3516 est
1774 3453 1888 3517 sistere
1910 3453 2057 3535 gradum,

1091 3542 1314 3623 patienterque
1341 3550 1539 3621 exspectare,
1572 3538 1674 3602 donec
1705 3538 1946 3614 adolescentuli,
1979 3561 2057 3621 quos

1091 3627 1253 3692 Dominus
1275 3648 1295 3690 a
1325 3625 1544 3707 Villapapuoac
1566 3621 1709 3687 barbaris
1727 3622 1824 3687 buius
1846 3625 1970 3705 patriae
1993 3636 2058 3689 tra·

1091 3712 1173 3776 didit
1195 3710 1398 3785 erudiendos,
1428 3709 1540 3774 norint
1561 3708 1745 3773 naturalem
1773 3709 1915 3790 ipsorum
1944 3709 2059 3774 distin·

1090 3819 1190 3882 geere
1211 3797 1367 3879 linguam.
1419 3795 1472 3858 Ad
1494 3794 1555 3858 hoc
1577 3794 1664 3857 enim
1686 3793 1732 3856 illi
1755 3793 1841 3874 apud
1861 3815 1915 3858 eos
1937 3793 2060 3877 555551

1091 3893 1124 3948 51
1147 3893 1326 3948 versantur.
1371 3879 1472 3944 Faxit
1492 3880 1583 3943 Deus
1606 3877 1703 3942 51511
1726 3878 1873 3944 55511115
1896 3879 1977 3943 citra
1999 3879 2058 3943 ali·

1090 3970 1174 4051 quod
1196 3968 1379 4031 animarum
1405 3985 1538 4030 suarum
1561 3962 1749 4044 periculum.
1800 3963 1883 4027 Nem
1914 3963 1966 4027 ubi
1996 3965 2058 4030 hoo

1091 4075 1224 4118 51115515
1246 4073 1304 4116 555
1323 4052 1451 4117 5555111
1472 4048 1670 4123 Altissimus,
1689 4069 1856 4129 speramus
1874 4047 1959 4112 banc
1979 4049 2058 4113 Idu·

1090 4161 1216 4205 maeam
1239 4139 1382 4202 futuram
1401 4135 1532 4200 01111515
1555 4134 1799 4215 possessiouem.
1843 4132 1982 4196 Interim
2000 4155 2057 4198 ex·

1090 4235 1274 4307 spectamus
1312 4221 1563 4303 frequentiorem
1597 4217 1769 4302 populum,
1804 4219 1896 4281 ouius
1923 4237 2057 4283 conver·

1090 4312 1215 4375 satione
1240 4318 1272 4373 et
1293 4309 1453 4374 formetur
1486 4305 1675 4371 5555115115
1705 4302 1849 4375 barbare,
1883 4311 1915 4366 et
1948 4315 2058 4369 nostra

1088 4396 1224 4462 ecclesia
1245 4414 1342 4458 suum
1359 4392 1495 4473 55515151
1512 4391 1759 4455 incrementum.
1804 4387 2056 4454 Abundaremus

1089 4483 1201 4562 utique
1223 4479 1311 4543 omni
1331 4478 1487 4542 bonorum
1510 4477 1609 4558 eopia,
1632 4475 1660 4538 si
1682 4474 1736 4538 hie
1761 4472 1912 4554 frequens
1930 4473 2056 4540 adesset

1088 4567 1235 4649 populus.
1285 4564 1370 4627 Nam
1403 4560 1487 4644 quod
1520 4561 1627 4625 tenuis
1660 4570 1692 4623 et
1713 4557 1838 4622 modica
1870 4574 1980 4623 555115
2012 4563 2055 4624 511

1089 4673 1229 4727 555555,
1258 4647 1292 4713 15
1314 4648 1413 4712 efficit
1444 4667 1537 4710 rarus
1570 4644 1739 4720 habitator,
1769 4654 1801 4707 et
1833 4644 2056 4709 somnolentus

1089 4737 1240 4822 agricola.
1299 4731 1366 4798 Sed
1398 4733 1437 4796 iis
1468 4731 1616 4795 omnibus
1649 4729 1824 4812 prospiciet
1857 4728 2054 4794 Altissimus.

1088 4825 1156 4889 Nos
1179 4843 1256 4887 vero
1289 4828 1470 4883 nostratum
1493 4816 1640 4881 omnium
1669 4814 1876 4880 ecclesiarum
1906 4815 2054 4896 precibus

1088 4905 1308 4975 commendari
1330 4903 1448 4968 obnixe
1465 4903 1622 4985 cupimus.
1660 4901 1714 4964 Ex
1736 4899 1845 4964 Gallia
1867 4902 2056 4979 antarctica,

1089 4996 1193 5077 pridie
1210 4990 1346 5076 Aprilis.
1369 4993 1457 5051 1557.

1614 5069 1703 5134 Tuus
1725 5071 1762 5135 P.
1786 5069 1968 5134 Richerius.

1815 5254 1849 5307 ‘28
