4778 5888
82 362 84 368 ,
151 298 214 360 315
604 365 605 372 χ
996 297 1076 359 1556
1099 293 1303 361 Novubffl.
2080 301 2144 362 326

148 504 212 567 par
232 482 339 565 lequel
355 485 390 566 je
411 487 564 547 m'attens
582 501 623 546 sii
642 480 737 559 Dian,
760 501 822 563 que
839 500 917 545 mon
939 500 1039 544 oueur
1060 480 1118 543 flo·
1172 490 1204 547 et
1226 488 1294 546 tam
1328 479 1550 564 frequentibus
1572 480 1724 566 perieulis
1746 503 1811 547 non
1835 490 1903 549 tam
1932 505 2028 567 saepe
2055 485 2145 550 salus

149 576 225 634 tant
245 589 318 634 sera
334 570 398 633 mis
415 589 435 633 a
451 578 525 651 port
545 573 659 649 repost
671 564 855 631 hesusdiet
876 564 1119 649 freren’ignore
1171 567 1307 650 affulget
1330 588 1429 649 qnam
1451 566 1632 650 desperatio
1654 575 1688 631 et
1715 568 1865 651 ingentes
1887 569 1988 635 molas
2010 569 2143 635 oolami·

149 655 244 738 point
271 653 380 719 l'estat
407 652 448 719 ds
469 659 577 719 vostre
598 651 711 734 Eglise
738 672 797 740 par
824 650 872 715 les
901 651 1036 734 langues
1064 649 1119 714 do·
1171 659 1285 717 tatum.
1327 653 1394 717 Nos
1423 661 1533 718 tamen
1561 661 1691 735 praeter
1720 655 1871 737 spemin
1900 675 1958 737 spe
1979 654 2142 721 eredimus

149 741 238 806 vises
266 760 328 822 que
357 760 439 804 nous
468 759 510 803 en
540 757 642 802 avons
671 757 720 801 eu.
762 736 804 802 Je
832 757 912 801 vous
938 736 1008 818 pris
1038 734 1120 799 dono
1172 738 1239 802 fore
1261 744 1299 802 ut
1319 738 1498 821 perdantur
1519 759 1632 802 omnes
1654 739 1710 820 qui
1732 737 1872 803 oderunt
1894 739 1985 807 Sion.
2029 741 2142 806 Nostri

151 831 236 902 (mes
264 832 331 890 tres
358 825 459 889 aimen
489 824 614 902 frere*)
637 843 699 904 qne
722 822 865 906 joignion
893 841 953 885 vos
981 821 1120 904 priairos
1173 843 1249 887 vero
1260 824 1467 889 miserebitur
1477 822 1648 900 Dominus,
1665 845 1707 888 ne
1719 834 1878 907 perpetuo
1889 825 1999 891 disant
2010 834 2140 910 gentes:

150 932 231 976 aveo
259 910 308 976 les
329 911 477 975 miennes
500 905 698 973 demandans
729 929 769 972 au
790 907 955 990 Seigneur
977 905 1045 989 quil
1067 927 1120 970 nie
1171 909 1237 975 Ubi
1259 918 1310 973 est
1330 909 1422 974 Deus
1444 908 1580 973 eorum?

151 995 273 1061 revelle
302 1016 361 1078 par
390 1004 477 1060 teste
498 995 571 1058 vois
592 1014 629 1058 oe
655 992 733 1075 qu’il
761 1001 840 1057 vent
862 991 972 1057 mieux
998 1013 1060 1074 quo
1085 993 1120 1073 je
1257 994 1377 1058 Noster
1398 994 1451 1059 hio
1475 993 1632 1060 Odorem
1645 997 1674 1070 ²)
1702 994 1742 1058 de
1765 997 2021 1067 measententia
2040 1018 2141 1081 ooyus

151 1081 248 1147 suive
267 1103 308 1146 en
331 1102 367 1146 oe
389 1078 508 1144 doubte
530 1087 562 1143 et
585 1078 663 1161 qu’il
681 1099 732 1143 me
754 1077 860 1142 donne
883 1097 978 1161 grase
996 1077 1036 1141 de
1054 1081 1119 1161 m’y
1172 1080 1213 1144 ad
1234 1100 1292 1145 vos
1313 1080 1530 1162 prolieieeitur
1551 1100 1649 1161 quam
1678 1080 1822 1157 feoisset,
1851 1102 2036 1164 quenquam
2065 1089 2141 1148 ante

151 1167 318 1232 eonsentir
339 1165 526 1230 volontiers.
565 1166 596 1229 A
617 1171 691 1228 tant
708 1166 742 1247 Je
763 1164 833 1246 prie
854 1184 930 1227 mon
943 1163 1029 1228 Dieu
1050 1183 1120 1227 mes
1172 1166 1292 1248 viginti
1314 1163 1383 1230 diss
1405 1165 1581 1231 dissessum
1609 1164 1798 1247 adornaret,
1829 1187 1925 1248 quem
1952 1167 2140 1250 interpella·

150 1253 255 1318 freres
277 1251 354 1335 qn'il
381 1272 461 1315 vous
490 1251 597 1314 donne
618 1257 652 1313 et
673 1269 694 1312 a
714 1269 790 1332 moy
819 1270 877 1313 son
908 1251 1009 1331 esprit
1037 1269 1120 1331 pour
1172 1265 1248 1315 rant
1269 1252 1339 1316 eiua
1359 1250 1499 1334 negotia.
1533 1250 1618 1315 Mihi
1640 1259 1749 1316 autem
1771 1253 1880 1315 visum
1902 1260 1952 1317 est
1974 1262 2011 1317 ut
2027 1273 2141 1335 quam-

151 1359 196 1402 ne
217 1337 350 1403 oerohsr
371 1358 434 1419 que
460 1336 494 1400 la
520 1335 622 1419 gloire
645 1333 684 1398 da
713 1355 772 1398 son
792 1355 867 1398 nom
894 1342 927 1399 et
949 1354 1031 1399 nous
1052 1354 1119 1396 em-
1172 1336 1315 1419 primum
1338 1335 1442 1400 abiret
1462 1345 1595 1418 propter
1620 1356 1734 1402 oansas
1755 1337 1976 1419 gravissimas,
1998 1359 2079 1420 quas
2100 1338 2141 1404 ab

152 1422 237 1505 ploir
265 1422 304 1487 de
332 1435 406 1486 tous
432 1443 491 1486 nos
519 1441 635 1486 eueurs
664 1440 684 1484 a
710 1419 970 1484 l'advanoement
997 1417 1120 1484 d'ieelle
1171 1424 1241 1504 ipso
1268 1421 1385 1487 melius
1417 1421 1589 1504 intelliges.
1632 1422 1789 1486 Nostrum
1821 1443 1940 1487 nomen
1969 1424 2074 1506 magis
2103 1444 2141 1490 ao

152 1515 189 1571 et
217 1506 259 1573 du
286 1529 441 1591 royaume
470 1505 510 1570 de
537 1506 637 1572 Jesus
663 1503 777 1570 Obrist
799 1506 914 1569 Amen.
959 1504 1002 1570 Je
1031 1504 1120 1570 salue
1171 1507 1277 1591 magis
1298 1507 1333 1571 in
1351 1507 1419 1571 dies
1440 1507 1494 1572 hio
1515 1508 1700 1583 innotescit,
1723 1506 1803 1570 adeo
1822 1516 1860 1571 ut
1877 1508 1963 1572 inter
1980 1517 2030 1572 tot
2047 1517 2142 1575 notos

153 1591 278 1659 debon
305 1614 406 1660 eneur
427 1600 536 1658 vostre
558 1591 670 1674 Eglise
698 1599 731 1654 et
759 1601 846 1656 ueste
868 1613 909 1675 oy
932 1592 1018 1655 aussi
1041 1611 1120 1655 aveo
1172 1591 1283 1657 hostes
1311 1591 1367 1657 din
1396 1593 1520 1658 versari
1549 1592 1620 1657 sine
1648 1591 1828 1658 tortissimo
1859 1593 2046 1660 dissrimiue
2074 1614 2141 1659 non

152 1698 240 1761 moy.
282 1677 335 1742 De
355 1677 469 1744 Wesel
492 1699 527 1743 ee
552 1682 600 1740 14.
624 1675 664 1740 ds
686 1677 867 1758 septembre
894 1681 982 1740 1556.
994 1679 1021 1759 ⁶)
1172 1699 1266 1761 posse
1290 1677 1412 1743 ridear.
1453 1676 1542 1742 (lura
1568 1677 1678 1761 igitur.
1701 1697 1760 1759 per
1777 1677 1957 1758 Christum,
1987 1689 2026 1743 ut
2048 1678 2140 1744 brevi

563 1812 684 1876 vostre
706 1811 840 1877 humble
862 1812 946 1878 frere
1172 1765 1245 1913 l'tiul
1268 1764 1440 1910 aliquistet
1462 1763 1575 1913 dotqtus
1603 1771 1637 1911 qt
1658 1763 1917 1914 Pmdenl·n⁰dl⁵
1941 1762 2101 1913 sqeqsdat
2112 1767 2141 1900 11

394 1900 553 1964 Franeois
575 1898 782 1963 Perseus
804 1898 870 1963 88
892 1898 1118 1964 881866·
1174 1867 2047 2016 1111111111111111811111
2067 1872 2141 2000 tt.
2204 1913 2206 1920 ’

1172 2021 1298 2085 tissime
1319 2020 1386 2084 suis
1405 2019 1547 2085 eoelesiis
1569 2032 1686 2083 servet.
1720 2019 1799 2103 111)
1817 2020 2140 2085 18.Novemb.1556.

1257 2106 1344 2169 Tuos
1366 2104 1504 2188 collegas
1532 2125 1782 2186 eommunesque
1805 2106 1925 2171 amieos
1949 2116 2061 2172 nostro
2082 2127 2142 2172 no·

1172 2190 1261 2255 mine
1284 2189 1380 2255 velim
1404 2190 1637 2255 officiosissime
1658 2189 1788 2254 salutes.

1574 2325 1664 2391 Tuus
1685 2326 1989 2393 observantissimus
2010 2328 2098 2394 filins

584 2459 681 2529 2552·
1732 2413 1935 2479 Buissonius.

377 2612 654 2681 BUISSONIUS
677 2612 894 2679 OALVINO.

240 2785 373 2851 Felicem
393 2785 527 2850 reditum
548 2789 576 2850 et
596 2784 720 2849 itineris
747 2784 880 2868 macenti
899 2802 1071 2849 οοοοοοοοοο
1092 2784 1121 2847 ei

148 2873 341 2958 qretalotur.
384 2870 444 2936 Sui
470 2871 528 2936 lori
556 2890 607 2936 res
627 2870 778 2952 ancipites
798 2874 826 2934 et
848 2868 985 2952 pateus
1007 2868 1121 2950 plenae

151 2959 336 3024 ministrum
357 2977 470 3022 nouum
488 2957 640 3039 lloqitont
1607 2954 1705 3026 2553.

294 3109 359 3191 'iux
377 3126 545 3196 stampis
563 3125 628 3180 coi.
648 3125 749 3179 aenei.
768 3123 827 3193 109,
845 3125 891 3179 roi.
909 3122 963 3190 is.)
1420 3107 1659 3176 SULZERUS
1681 3109 1894 3176 GALVINO.

152 3298 185 3363 Δ
217 3296 387 3364 Monsieur
420 3298 589 3364 Monsienr
620 3295 821 3379 DEspsiille
853 3316 930 3361 mon
963 3295 1121 3379 singulier
1233 3281 1404 3380 013168881
1424 3285 1457 3344 61
1479 3280 1649 3346 6131116688
1670 3279 1826 3377 (1611681618
1855 3280 2141 3381 Wirtsrnberqertsea

560 3381 723 3465 seigneur,
1172 3371 1329 3432 manaret
1346 3365 1528 3448 quitantiam
1541 3365 1675 3447 (edesse
1689 3366 1783 3445 fatale
1798 3367 1992 3432 concordiam
2008 3371 2139 3436 iniisset.

1173 3452 1241 3518 Hoc
1261 3452 1344 3517 enirn
1364 3453 1457 3516 οτὶοοι
1474 3449 1583 3517 Iacobo
1600 3450 1750 3515 Andreas
1770 3452 1805 3516 in
1825 3452 1904 3519 eolis
1924 3472 1990 3519 asse
2010 3455 2139 3521 videtur.

239 3552 274 3620 S.
309 3553 425 3619 Multis
447 3552 633 3618 nominibus
661 3551 913 3618 iucundissimae
936 3551 1028 3616 nobis
1050 3552 1120 3617 fue-
1172 3536 1605 3618 ΑΜ1168861666161186
1630 3533 1851 3618 0811166161)

152 3648 231 3706 runt
259 3649 335 3705 tuas
364 3639 486 3715 literas,
515 3639 599 3721 qnod
621 3639 742 3704 eiectus
764 3638 808 3703 sit
834 3637 931 3720 lupus
947 3642 972 3713 ¹)
994 3638 1048 3719 qui
1071 3646 1120 3701 ta·

152 3727 217 3792 aito
237 3726 274 3789 in
296 3724 421 3790 Ohristi
443 3739 575 3808 gregem
596 3727 768 3800 invaserat,
791 3720 875 3804 qnod
896 3744 970 3788 enm
994 3744 1120 3788 summo
1319 3707 1374 3772 (Ex
1391 3706 1558 3774 autographo
1576 3705 1640 3760 ⁰⁰¹¹·
1660 3705 1762 3760 ⁰⁰⁰⁰V·
1784 3706 1994 3774 112,s01.101.)

152 3832 213 3878 suo
234 3809 389 3876 dedeoore
409 3811 453 3876 sit
478 3811 653 3888 refutatus,
681 3810 735 3891 qui
758 3808 930 3873 veritatem
958 3811 993 3872 iu
1022 3829 1121 3874 eausa
1209 3879 1215 3890 ,
1458 3879 1464 3890 ,
1503 3878 1510 3891 ,
1776 3878 1782 3891 ,
1906 3880 1911 3892 ,
2095 3881 2101 3895 .

151 3894 456 3981 praedationes
478 3905 511 3960 a
532 3895 626 3960 niori
648 3894 775 3960 arbitrii
795 3895 1013 3977 oppugnabat,
1035 3892 1120 3977 quos
1175 3879 1255 3942 Viro
1288 3886 1566 3976 praemisum
1594 3877 1642 3976 D:
1667 3876 1785 3941 Ioanni
1818 3879 1958 3944 Calvino
1990 3880 2142 3946 eeclesiae

154 3982 287 4047 domum
318 3981 489 4046 inoolumjs
516 3980 665 4058 redieris,
698 3978 782 4062 quod
811 3978 979 4044 molosiam
1001 3980 1121 4062 optime
1174 3963 1379 4029 Genevensis
1398 3970 1535 4027 antistiti
1558 3959 1687 4060 domino
1705 3973 1737 4027 et
1759 3973 1961 4048 symmystae
1983 3965 2141 4032 oolendis·

154 4068 303 4134 affectam
333 4066 516 4132 offenderis.
560 4065 738 4131 Nobisonm
766 4084 846 4129 voro
875 4066 920 4129 sio
948 4066 1057 4148 agitur
1085 4073 1121 4129 ut
1227 4098 1233 4110 ·
1574 4067 1656 4112 simo
1678 4068 1746 4113 ⁸1¹0·

154 4172 227 4218 oum
251 4153 292 4218 iis
312 4155 367 4236 qni
390 4154 424 4218 in
446 4151 515 4217 dies
542 4161 639 4233 atque
666 4150 701 4215 in
730 4149 828 4216 horas
856 4150 989 4233 anoipiti
1017 4159 1121 4216 eorta-
1472 4218 1478 4230 ,

153 4238 244 4303 mine
266 4237 431 4305 dimicant
476 4234 657 4320 Nonquod
683 4235 877 4314 indubium
898 4236 992 4301 nobis
1015 4223 1150 4301 veniat¹
1260 4219 1295 4284 S·
1339 4218 1369 4284 P
1370 4219 1577 4284 f⁰f⁰⁰t¹0¹¹0m
1616 4226 1707 4282 tuam
1747 4239 1812 4301 <11¹³
1849 4219 2141 4288 Β’88886168188888

155 4322 282 4390 Christi
303 4345 383 4408 erga
404 4345 463 4390 iios
484 4323 581 4389 fides:
604 4321 661 4388 sed
674 4321 753 4405 quia
773 4323 808 4385 in
826 4321 926 4386 tantis
943 4322 1122 4387 terroribus
1174 4306 1291 4404 1881888
1313 4304 1458 4402 1181111811
1480 4303 1595 4402 18111119
1615 4302 1721 4402 111011Ῐέ
1749 4305 1939 4404 111Ψῖ9888]
1969 4306 2069 4371 161818
2090 4307 2141 4371 18·

1176 4390 1289 4474 telligo
1311 4409 1370 4471 per
1392 4388 1456 4452 Dei
1478 4396 1635 4473 gratiam,
1665 4409 1719 4470 qui
1741 4408 1830 4472 operi
1852 4411 1887 4454 in
1909 4397 1941 4455 te
1962 4412 2021 4456 suo
2043 4392 2140 4458 bene-

1174 4475 1266 4540 dixit.
1299 4475 1463 4557 Repressa
1484 4481 1563 4540 sunt
1577 4472 1811 4539 disoordiarum
1829 4475 1994 4542 incentiva
2010 4486 2045 4541 et
2065 4499 2140 4544 oon·

155 4580 481 4701 iilillsstniiipiidl
505 4576 1122 4716 ii255deeiliffliiiqiiiiffedddbili
1222 4637 1224 4639 ’
1273 4634 1303 4638 ”

155 4721 185 4768 st
206 4715 305 4769 hatres
325 4717 366 4770 illi
387 4689 534 4769 mvent'nm
550 4732 640 4770 merim
658 4714 857 4780 desiderabant,
879 4687 940 4768 bam
959 4731 993 4768 ue
1010 4718 1046 4769 ob
1064 4732 1121 4769 rein
1276 4712 1305 4777 2)
1323 4713 1423 4778 Etjbt'o
1440 4713 1817 4781 stercoranistarum
1834 4713 2067 4782 substernenti.

154 4784 326 4839 tabellarium
344 4786 481 4839 Genavam
498 4801 591 4838 versus
609 4784 678 4838 misi.
708 4781 835 4851 Eumeis
858 4732 983 4838 111514
999 4783 1049 4839 boe
1065 4800 1122 4838 riori
1275 4781 1306 4847 3)
1332 4781 1434 4837 Scribit
1456 4781 1513 4836 serl-
1543 4795 1576 4861 es
1598 4781 1665 4836 arbe
1678 4782 1781 4850 qallmu
1795 4783 1886 4836 neom
1902 4797 1965 4851 qius,
1983 4799 2037 4853 quo
2056 4783 2141 4839 orae

154 4853 236 4907 innui
256 4853 372 4908 eidem.
409 4853 519 4908 Ouitioi
538 4851 740 4922 responsionem
757 4851 866 4906 babebis
882 4851 922 4906 ed
936 4851 979 4905 21.
998 4851 1120 4908 Deserat.
1172 4865 1266 4906 οοοοοο
1286 4850 1402 4906 subinde
1422 4865 1506 4904 sonos
1528 4849 1668 4905 manbtroa
1688 4851 1828 4905 minabant
1849 4856 1881 4904 ut
1901 4852 1992 4904 minus
2012 4853 2141 4920 ema

256 4921 286 4988 6)
306 4922 381 4976 nuce
397 4921 500 4976 diurna
511 4922 613 4977 dorius
630 4928 669 4975 sot
685 4921 756 4975 boue
772 4920 799 4973 cl.
819 4919 858 4973 ll.
879 4918 950 4987 Seps
966 4921 1051 4976 mibi
1061 4934 1121 4975 vriou
1172 4920 1289 4989 &posili
1304 4925 1398 4974 mant

151 4991 281 5058 nemisse,
304 5005 387 5113 quusi
408 5006 440 5045 sa
463 4995 646 5112 senellqnea
668 4989 766 5070 Idibus
785 4987 912 5071 Oototrio¹
925 4989 1028 5043 amum
1044 4989 1121 5055 forts
1274 4986 1306 5070 4)
1333 4986 1387 5070 Iis
1403 4987 1514 5068 Laertia
1544 4987 1592 5041 nir
1614 4986 1863 5055 inmoramur,
1887 4990 1986 5058 quippe
2007 5002 2061 5057 quo
2083 4987 2141 5044 loeo

152 5064 226 5113 saut
264 5058 425 5128 Βοηοοιοο
444 5059 483 5113 ad
500 5057 541 5112 14.
592 5074 632 5112 oo.
650 5071 683 5110 es
700 5063 854 5112 οοπωοιονα
872 5057 928 5113 soal.
1172 5062 1237 5111 taes
1254 5057 1305 5110 ulis
1320 5062 1440 5110 minum
1455 5060 1548 5110 essm.

153 5126 246 5181 2562.
255 5126 285 5194 1)
310 5126 343 5182 Si
363 5127 397 5182 da
424 5125 511 5183 Velsio
533 5124 705 5194 mutiendum
727 5131 774 5206 sot,
796 5125 861 5179 inde
883 5125 946 5181 eoll'
961 5139 1005 5179 ers
1040 5125 1122 5180 etms
1173 5124 1288 5179 255111
1329 5124 1376 5179 Es
1399 5125 1451 5203 lino
1472 5124 1586 5191 manu
1607 5122 1715 5205 tollique
1737 5123 1878 5178 Goloienoi
1895 5125 1927 5177 iri
1949 5123 2039 5179 redite
2055 5125 2139 5180 Basi-

152 5195 332 5251 nouimus
349 5197 451 5253 ausiti
465 5196 496 5250 in
515 5194 823 5262 Gallioseptmlraonall
839 5195 880 5249 nal
896 5141 991 5263 Bazis
1066 5195 1119 5248 ὀο.
1172 5194 1275 5250 leem
1316 5209 1372 5248 non
1389 5195 1511 5262 attimaro
1526 5193 1568 5247 tel
1583 5192 1623 5248 ebs
1638 5208 1693 5247 aori
1711 5197 1903 5248 mauram
1925 5190 2019 5257 inim

1880 5275 1933 5330 ai*
