4778 5888
2233 309 2289 380 lbi

1045 303 1307 386 armachan
1328 322 1543 384 aere-aeae

294 309 357 394 rte

293 510 394 578 itibus
423 510 668 594 respondebam.
712 507 803 573 Nulli
826 515 937 573 tamen
967 509 1019 590 (ut
1041 507 1127 590 quod
1150 517 1200 573 est
1221 505 1270 573 di-
1322 507 1363 572 lis
1390 514 1530 590 quatuor
1555 508 1662 590 capita
1679 525 1771 572 meae
1798 506 1989 581 mumanae,
2013 503 2054 570 dc
2076 501 2196 586 quibus
2217 512 2287 584 pos·

296 603 383 674 cam)
406 598 557 664 ecelesiae
579 596 737 671 ministri,
766 595 848 658 citra
870 593 965 671 duos,
996 614 1125 659 mecum
1147 593 1208 660 hoc
1230 594 1271 660 de
1321 603 1395 659 seht
1424 589 1600 658 concedere
1632 592 1725 657 nobis
1754 589 1999 674 disputationes,
2029 609 2092 672 quo
2115 589 2194 655 riva
2214 606 2289 654 voce

295 691 332 749 re
350 683 404 748 vel
423 683 525 748 ullum
544 683 682 746 verbum
703 678 858 745 iecerunt.
894 678 1003 761 Quum
1024 677 1140 745 deinde
1158 691 1270 762 postu·
1320 689 1355 745 et
1372 677 1530 761 liquidius
1563 677 1640 760 quld
1662 686 1801 760 utruque
1820 698 1897 760 pars
1918 676 2002 741 bene
2023 675 2150 740 malem
2173 676 2289 741 scutica

295 769 424 834 leretur
448 790 471 832 a
498 789 550 832 mc
577 776 615 831 ut
643 767 679 829 in
707 785 811 848 pauca
833 764 992 847 quaedam
1015 765 1120 847 capita
1141 775 1270 830 contra·
1321 764 1493 831 diiudicari
1514 765 1625 846 possit.
1669 767 1781 847 Atque
1803 764 1832 827 si
1852 764 1988 829 fortasse
2009 762 2140 826 turbam
2163 769 2221 825 aut
2241 771 2290 825 tu·

295 846 410 919 herem
439 858 548 936 quae·
575 863 685 917 essent
713 852 809 916 huius
838 851 1005 916 doctrinae
1034 851 1163 915 articuli
1190 867 1270 934 quos
1320 851 1463 916 multum
1488 858 1684 930 metuerent,
1712 860 1746 914 et
1779 850 1818 914 ob
1847 848 1882 912 id
1903 848 2068 930 publicam
2087 846 2290 927 disceptatio·

297 939 428 1017 dooere,
468 938 633 1020 disputare
668 957 704 1001 ac
736 937 883 1019 profiteri
917 957 1018 1018 quum
1049 938 1158 1002 verbis
1198 948 1268 1002 tum
1320 959 1397 1002 nem
1430 936 1508 1001 dare
1538 935 1671 1016 nollent,
1704 935 1884 1000 concedant
1911 955 1984 998 eam
2017 933 2134 997 saltem
2163 933 2290 1014 privato

293 1024 428 1106 scriptis
457 1024 590 1099 vellem,
621 1023 768 1105 acquievi
798 1036 831 1087 et
858 1021 952 1086 brevi
981 1025 1099 1105 scripto
1130 1033 1269 1105 quatuor
1320 1023 1459 1105 quodam
1484 1022 1565 1101 loco,
1589 1044 1651 1105 quo
1677 1030 1806 1085 tantum
1825 1020 1910 1084 docti
1932 1028 2101 1101 etgraves
2124 1017 2289 1084 auditores

297 1112 403 1192 capita
432 1109 567 1192 exposui
597 1120 694 1190 atque
724 1110 835 1191 paucis
863 1109 1065 1174 confirmavi.
1107 1109 1268 1187 Primum,
1320 1108 1527 1183 conveniant,
1546 1107 1641 1172 modo
1662 1108 1708 1190 pii
1731 1117 1764 1171 et
1786 1105 1907 1170 eruditi
1929 1104 2052 1170 indices
2064 1102 2289 1169 adhibeantur.

296 1196 544 1261 substantialem
577 1196 794 1276 praesentiam
825 1195 968 1276 corporis
996 1194 1123 1259 (ihr-isli
1151 1215 1204 1259 me
1232 1196 1268 1259 iu
1320 1194 1387 1260 Sed
1420 1215 1522 1276 quum
1540 1215 1654 1258 rursus
1687 1192 1727 1257 de
1759 1213 1816 1273 spe
1838 1190 2029 1258 concordiae
2047 1191 2172 1253 mentio
2190 1191 2291 1264 fieret,

264 1321 266 1326 ·
296 1291 396 1348 coena
430 1302 494 1345 uon
526 1302 717 1364 agnoscere:
759 1278 952 1359 secundum,
986 1281 1103 1363 impios
1136 1301 1173 1346 ac
1205 1279 1269 1345 fide
1320 1302 1428 1364 quam,
1451 1280 1529 1358 dixi,
1552 1301 1643 1363 spem
1658 1299 1715 1343 vos
1731 1278 1814 1342 mihi
1833 1275 2024 1342 ostenditis?
2048 1296 2148 1357 quum
2163 1275 2214 1341 vel
2233 1275 2292 1341 hcc

297 1374 445 1432 carentes
477 1367 509 1430 in
544 1367 771 1431 commuuione
802 1367 891 1431 vesci
930 1374 1061 1430 tantum
1102 1367 1267 1451 symbolis,
1319 1368 1390 1449 ipso
1413 1376 1558 1448 tempore
1575 1367 1611 1428 in
1633 1364 1889 1430 vestracivitate
1907 1361 1989 1426 liber
2007 1363 2213 1445 germanicus
2234 1364 2292 1425 im·

298 1460 415 1534 corpus
433 1473 510 1516 vero
532 1461 565 1516 et
587 1453 781 1535 sauguinem
792 1452 926 1515 Domini
945 1472 1012 1516 non
1034 1471 1179 1517 sumere:
1203 1460 1268 1517 ter·
1320 1454 1489 1534 primatur,
1502 1453 1528 1527 ⁷)
1557 1460 1671 1517 contra
1700 1449 1742 1515 D.
1779 1448 1944 1514 Calvinum
1975 1450 2110 1512 fratrem
2129 1467 2240 1511 meum
2258 1449 2293 1512 in

297 1539 389 1614 tium,
424 1536 523 1601 verba
552 1537 622 1601 illa:
659 1538 731 1601 Hoc
764 1550 813 1600 est
846 1557 965 1619 corpus
993 1559 1110 1615 meum,
1145 1539 1268 1622 tropice
1320 1538 1453 1602 Christo
1465 1537 1710 1602 dilectissimum
1734 1547 1767 1598 et
1777 1546 1925 1599 vestrum
1945 1533 2026 1599 alias
2043 1533 2215 1615 hospitem,
2238 1535 2294 1615 qui

297 1620 396 1688 luisse
420 1621 520 1686 dicta:
545 1638 704 1704 quartum,
729 1622 854 1688 Christi
876 1645 994 1706 corpus
1016 1644 1080 1687 non
1106 1646 1175 1689 esse
1198 1624 1268 1688 ubi·

319 1731 359 1773 ue
382 1729 487 1790 neque
510 1709 605 1772 simul
628 1708 805 1792 eodemque
829 1719 973 1790 tempore
995 1711 1027 1773 iu
1047 1709 1158 1774 multis
1179 1709 1267 1774 locis.

296 1731 370 1859 hice
394 1815 502 1857 meum
525 1796 698 1877 seriptum,
730 1796 822 1858 cuius
844 1797 908 1858 iam
931 1797 1066 1877 exposui
1096 1816 1267 1873 summam,

297 1891 397 1962 quum
421 1879 543 1943 domiui
566 1883 775 1961 accepissent,
804 1902 870 1944 non
893 1881 998 1944 solum
1021 1881 1084 1964 ipsi
1106 1882 1267 1964 legerunt,

298 1966 353 2031 sed
373 1967 546 2029 conventui
566 1967 663 2029 etiam
683 1967 907 2041 ecclesiastico,
931 1967 982 2031 cui
1001 1988 1143 2050 egenen
1165 1970 1268 2030 inter·

297 2073 387 2125 sirm,
417 2049 578 2114 dederuut
600 2050 783 2134 legendum.
827 2050 921 2115 Unde
950 2064 1022 2133 post
1049 2053 1170 2134 aliquot
1199 2053 1268 2117 dies

1320 1623 1382 1689 hoc
1414 1645 1476 1705 quo
1505 1645 1592 1687 nune
1625 1643 1684 1705 ego
1710 1643 1783 1686 sum
1805 1620 1876 1685 loco
1898 1621 1931 1684 in
1951 1621 2012 1685 hac
2034 1619 2147 1683 schola
2164 1640 2294 1684 summa

1319 1709 1384 1774 fide
1406 1721 1439 1773 et
1461 1708 1631 1792 diligentia
1654 1707 1771 1773 decuit
1808 1704 1905 1771 Certe
1927 1705 1966 1770 de
1988 1726 2066 1788 paco
2088 1713 2145 1768 aut
2167 1725 2293 1788 compo·

1319 1797 1436 1860 sitione
1458 1794 1525 1859 ulla
1547 1794 1645 1858 huius
1665 1793 1787 1877 negotii
1811 1792 1894 1855 nihil
1914 1792 2037 1873 sperari
2060 1801 2173 1872 potest,
2192 1811 2294 1872 quum

1319 1881 1371 1945 vir
1392 1881 1456 1957 ille,
1479 1880 1578 1945 huius
1601 1887 1731 1945 vestrae
1754 1878 1884 1943 scholae
1905 1876 1982 1940 olim
2006 1875 2127 1953 doctor,
2150 1877 2196 1939 ita
2219 1897 2294 1959 pro·

1319 1966 1477 2031 scinditur
1501 1978 1534 2029 et
1551 1966 1708 2031 conviciis
1730 1964 1967 2048 indignissimis
1990 1961 2294 2044 dilaceraturatque

1319 2053 1347 2116 si
1380 2074 1491 2116 merus
1523 2059 1557 2115 et
1585 2062 1684 2133 putus
1717 2059 1803 2116 esset
1832 2049 1986 2114 diabolus.
2028 2048 2072 2112 Et
2105 2069 2168 2129 quo
2186 2048 2293 2131 magis

299 2137 340 2200 D.
366 2135 572 2218 Morpacbius
604 2150 636 2200 ct
671 2137 780 2200 Robur
815 2137 957 2201 vicissim
991 2138 1080 2202 aliud
1114 2136 1268 2219 quiddam
1318 2137 1510 2204 traducatur
1537 2146 1571 2202 et
1595 2157 1694 2201 causa
1721 2136 1888 2220 popularis
1914 2136 1988 2211 fiat,
2014 2155 2078 2198 nou
2107 2133 2209 2197 latine
2237 2133 2294 2199 sed

298 2242 392 2287 suum
417 2222 575 2304 scriptum
598 2222 801 2301 obtuleruut,
831 2224 923 2288 cuius
952 2224 986 2286 in
1009 2224 1092 2288 clam
1115 2226 1162 2289 eis
1183 2225 1269 2289 facta
1319 2223 1504 2307 germanice
1522 2223 1556 2286 in
1570 2244 1644 2286 enm
1664 2220 1976 2286 tamcoutumeliose
1994 2220 2149 2286 scribunt.
2181 2217 2295 2300 Quare

294 2318 345 2372 est
373 2309 478 2388 copia,
508 2328 571 2388 quo
603 2310 782 2371 sententias
805 2325 944 2389 quatuor
971 2331 1045 2374 cum
1068 2310 1149 2373 meis
1178 2319 1268 2375 recta
1319 2311 1344 2374 si
1379 2331 1446 2391 pax
1479 2310 1570 2374 vobis
1603 2307 1691 2373 cordi
1724 2319 1787 2383 est,
1810 2307 1890 2371 haec
1912 2305 2079 2388 prohibete
2098 2325 2180 2387 quae
2203 2306 2293 2370 viam

293 2403 479 2476 pugnantes
501 2403 720 2470 asseruerunt,
745 2406 781 2456 nt
800 2394 906 2457 valido
929 2403 1023 2476 atque
1046 2396 1178 2459 robuste
1199 2417 1266 2460 nou
1317 2395 1366 2459 illi
1389 2404 1524 2477 possunt
1548 2393 1764 2476 praecludere.
1809 2393 1965 2468 Aderant,
1988 2413 2087 2473 quum
2108 2392 2187 2456 haec
2205 2389 2294 2456 dice·

294 2477 375 2557 dico,
398 2498 475 2542 nam
498 2477 671 2560 aliquando
694 2480 832 2544 efficiam
854 2489 891 2543 ut
913 2481 1069 2562 scriptum
1093 2490 1266 2564 utrumque
1318 2502 1388 2545 rem
1417 2480 1588 2545 Sieidaacs
1615 2490 1649 2544 et
1677 2480 1818 2543 Ioannes
1843 2479 2003 2543 Sturmt'as
2024 2498 2163 2559 quorum
2185 2477 2292 2556 alteri,

293 2563 416 2628 videas.
460 2564 580 2645 Elapso
603 2586 714 2629 mense
744 2585 856 2629 rursus
879 2587 931 2630 me
959 2564 1080 2630 domiui
1108 2578 1266 2651 rogarunt
1318 2567 1474 2630 nimirum
1491 2565 1647 2643 Sieidoco,
1667 2575 1743 2630 autc
1757 2565 1838 2630 duas
1853 2562 2113 2628 horasduofolia
2130 2564 2199 2626 cius
2218 2561 2294 2627 libri

293 2658 333 2714 ut-
354 2663 530 2725 manerem,
560 2651 766 2732 maximoque
796 2650 901 2715 studio
923 2650 957 2714 id
980 2673 1069 2716 ame
1092 2653 1265 2717 contendo·
1318 2652 1518 2717 tradideram
1547 2651 1685 2734 legenda
1708 2671 1790 2733 quae
1812 2660 1975 2714 corrector
1993 2650 2064 2713 eius
2085 2651 2292 2730 impresseris

293 2733 386 2811 bant,
418 2734 553 2798 dicendo
583 2736 724 2817 aliquam
750 2757 842 2818 spem
870 2759 940 2801 esse
968 2748 1006 2801 ut
1032 2738 1138 2820 quoad
1168 2740 1265 2802 istam
1319 2740 1373 2821 qui
1392 2738 1524 2802 excudit
1540 2737 1663 2801 librum
1684 2747 1900 2820 suggesserat.
1934 2733 2031 2800 Unde
2055 2733 2199 2799 Slet'ciam'
2218 2755 2293 2798 sum

295 2822 548 2885 controversiam
589 2821 697 2904 aliqua
736 2822 869 2886 taudem
903 2823 1046 2888 iniretur
1085 2824 1264 2904 concordia,
1318 2847 1397 2889 usus
1430 2824 1624 2901 testimonio,
1650 2845 1691 2887 ne
1722 2822 1799 2904 quid
1832 2844 1885 2885 me
1906 2823 2030 2905 fingere
2054 2821 2292 2884 existimarent

294 2905 592 2990 promittebautque
626 2929 661 2971 se
694 2917 864 2973 curaturos
898 2917 949 2985 nt,
990 2909 1265 2991 quemadmodum
1318 2910 1365 2974 Iis
1388 2909 1508 2974 auditis
1529 2931 1601 2974 sum
1623 2911 1731 2973 iussus
1754 2908 1920 2990 paulisper
1942 2907 2101 2985 secedere,
2124 2918 2222 2987 atque
2244 2907 2294 2970 in-

294 3012 383 3056 eram
402 2999 573 3073 antequam
592 2993 625 3056 in
639 2993 788 3076 Angliam
807 2994 1038 3074 proficiscerer,
1057 2996 1265 3060 consiliorum
1319 3008 1369 3060 ter·
1402 3017 1473 3061 sese
1503 2993 1624 3059 domiui
1657 2993 1855 3075 aliquamdiu
1888 2993 2123 3058 consultarent
2162 2992 2294 3057 Deinde

294 3077 584 3142 ecclesiasticorum
618 3099 721 3143 essem
761 3080 939 3163 particeps,
977 3092 1009 3145 et
1041 3091 1079 3145 ut
1110 3081 1214 3146 frater
1247 3103 1267 3146 a
1319 3103 1371 3144 mo
1391 3094 1542 3145 revocato
1554 3081 1773 3144 conditionem
1796 3080 1880 3144 hanc
1903 3079 2095 3144 obtulerunt
2116 3093 2153 3142 ut
2175 3078 2230 3142 vel
2252 3078 2295 3142 ad

294 3163 430 3227 caeteris
447 3163 607 3227 ministris
626 3165 771 3242 haberer,
795 3166 1025 3248 putabautque,
1047 3175 1084 3231 ut
1101 3167 1265 3246 dixerunt,
1319 3188 1441 3231 annum
1465 3166 1530 3230 huc
1551 3186 1764 3241 remanerem,
1787 3179 1820 3228 et·
1849 3187 1883 3230 se
1905 3176 2077 3230 curaturos
2098 3173 2134 3228 ut
2156 3163 2216 3227 illa
2238 3167 2293 3229 Ti·

293 3248 363 3313 fore
386 3248 582 3330 colloquium
601 3249 641 3313 de
663 3251 725 3314 ista
743 3252 941 3332 quaestione,
964 3251 1061 3334 idque
1079 3254 1265 3336 principum
1318 3253 1436 3336 garine
1464 3253 1592 3316 vocatio
1614 3253 1695 3315 mihi
1717 3251 1808 3316 salva
1830 3250 1957 3315 tamdiu
1978 3259 2120 3329 maneat,
2138 3252 2295 3315 orabant·

293 3333 474 3416 aliquorum
504 3356 582 3399 cura
610 3345 644 3399 et
671 3336 847 3401 voluntate.
892 3337 946 3402 Ad
975 3338 1054 3402 haec
1084 3358 1161 3422 ego:
1195 3339 1267 3403 fieri
1318 3358 1381 3419 que
1409 3349 1446 3401 ut
1474 3338 1609 3414 interea,
1639 3336 1912 3418 quemadmodum
1946 3337 2105 3402 hactenus
2138 3336 2293 3416 feceram,

293 3430 446 3503 possent
472 3420 520 3482 illi
548 3442 639 3503 spem
669 3421 812 3504 aliquam
835 3422 1026 3489 concordiae
1048 3433 1146 3507 atque
1168 3424 1266 3488 collo·
1318 3422 1492 3506 diligenter
1525 3433 1558 3487 et
1585 3424 1718 3506 pacifice
1746 3425 1781 3486 in
1810 3443 1883 3487 mea
1915 3423 2079 3488 iunctione
2111 3443 2294 3505 pergerem.

294 3506 360 3586 quii
394 3505 559 3584 haberent,
593 3528 693 3588 quum
725 3529 784 3591 ego
817 3508 898 3572 mihi
930 3510 1054 3574 nullam
1087 3510 1266 3592 pollicerer.
1318 3510 1390 3592 Ego
1409 3530 1496 3584 vero,
1519 3530 1621 3591 quum
1639 3509 1745 3573 solum
1767 3509 1914 3573 viderem
1937 3509 2066 3572 extrahi
2089 3518 2229 3589 tempus,
2253 3508 2295 3574 de

294 3590 379 3657 Nam
399 3590 484 3673 quod
502 3593 627 3671 attinet,
650 3594 792 3674 iuquam,
817 3594 857 3658 ad
876 3608 1002 3660 vestros
1020 3597 1196 3675 ministros,
1217 3595 1267 3659 illi
1318 3595 1489 3678 postulatis
1506 3595 1590 3659 nihil
1608 3594 1750 3671 concedi,
1769 3594 1883 3658 eadem
1902 3596 2059 3659 servitute
2082 3595 2296 3660 serviendum

295 3676 406 3740 emnia
439 3698 496 3741 suo
530 3678 649 3760 scripto
681 3678 921 3762 responderunt
953 3703 1046 3746 secus
1075 3703 1171 3764 quam
1206 3703 1266 3764 ego
1319 3702 1383 3762 qua
1409 3682 1512 3762 prius,
1546 3680 1802 3762 disputationum
1831 3702 1921 3763 spem
1944 3681 2070 3745 nullam
2093 3680 2173 3759 fieri,
2197 3689 2233 3744 ct
2254 3683 2297 3747 de

293 3763 474 3845 posuerim,
505 3772 539 3826 ct
564 3764 611 3828 ita
639 3772 717 3829 suut
743 3767 913 3830 obfirmato
941 3768 1050 3831 animo
1072 3778 1110 3831 ut
1132 3786 1267 3849 prorsus
1318 3767 1402 3831 libro
1424 3769 1480 3848 qui
1503 3765 1677 3832 adversum
1695 3777 1728 3830 te
1739 3765 1962 3830 excudebatur
1983 3766 2067 3830 nihil
2091 3765 2297 3849 responderi,

296 3847 335 3913 de
368 3847 528 3912 leniendis
561 3857 658 3932 atque
687 3850 854 3932 placandis
884 3852 1083 3934 desperetur.
1127 3852 1267 3933 Quodve
1319 3873 1387 3916 non
1414 3854 1504 3934 potui
1535 3852 1652 3918 adduci
1681 3860 1718 3916 ut
1750 3852 1934 3935 propositae
1967 3851 2146 3916 conditioni
2179 3874 2297 3917 asseu-

296 3946 465 4016 praetorea
487 3934 527 3998 de
554 3936 665 3999 future
692 3937 848 4017 colloquio
869 3939 952 4001 mihi
974 3938 1119 4020 polliceri
1141 3960 1266 4021 queam,
1320 3939 1408 4015 tirer,
1440 3959 1553 4003 verum
1585 3937 1665 4015 dixi,
1694 3958 1838 4002 annuam
1871 3937 1961 4002 illam
1997 3937 2185 4003 dilationem
2210 3939 2297 4003 nihil

297 4040 397 4101 quum
420 4021 460 4084 ab
483 4042 547 4083 rino
570 4043 610 4084 cx
632 4023 797 4100 uostris,⁶)
830 4024 896 4087 viro
920 4047 984 4088 nou
1008 4025 1147 4108 vulgari,
1170 4046 1267 4107 quae·
1320 4022 1409 4087 aliud
1432 4044 1543 4088 secum
1561 4023 1681 4087 habero
1698 4025 1909 4089 coniunctum
1931 4045 2028 4106 quam
2048 4032 2085 4087 ut
2107 4038 2140 4088 et
2162 4024 2298 4107 Tiguri-

297 4106 396 4170 situm
426 4106 482 4182 sit,
514 4127 612 4187 quum
644 4107 833 4172 aPolott‘ao
860 4109 1007 4186 electore,
1040 4117 1111 4173 tum
1139 4132 1158 4174 a
1187 4108 1268 4175 duce
1320 4109 1372 4173 nis
1397 4109 1530 4172 etmihi
1551 4112 1621 4172 sine
1643 4110 1752 4174 fructu
1780 4121 1956 4192 augeretur
1977 4111 2135 4174 molestia.
2177 4109 2300 4193 Itaque

304 4190 587 4273 Wirtcmbcrqcnsa',
619 4202 651 4255 et
680 4193 763 4256 nihil
791 4195 935 4275 potuerit
963 4195 1056 4260 effici.
1101 4196 1172 4260 Imo
1195 4207 1268 4259 tan·
1320 4195 1360 4258 de
1399 4215 1472 4258 mea
1510 4194 1698 4260 dimissione
1728 4195 1835 4260 adhuc
1871 4196 1958 4260 nihil
1989 4196 2139 4261 concludi
2177 4198 2298 4278 potuit

297 4274 372 4339 dem
405 4298 425 4339 a
459 4277 727 4357 Wirtembcrqoasi
760 4280 820 4344 hoo
852 4280 929 4344 tulit
960 4302 1169 4363 responsum,
1202 4303 1268 4346 non
1321 4280 1417 4360 Quod
1451 4280 1580 4363 postulo
1609 4303 1673 4345 non
1708 4281 1820 4359 datur,
1858 4303 1963 4364 neque
1995 4291 2032 4347 ut
2064 4282 2183 4346 missus
2218 4283 2300 4346 fiam

298 4382 368 4426 esse
398 4363 578 4426 remedium
600 4363 704 4426 ullum
733 4367 972 4430 controversiae
994 4367 1080 4444 huie,
1109 4368 1172 4432 nisi
1195 4367 1268 4431 red·
1320 4374 1466 4449 nnpctro.

299 4469 411 4511 eamus
451 4449 491 4511 ad
525 4471 655 4513 sensum
689 4458 722 4513 ot
753 4453 836 4515 ritus
876 4450 1012 4516 aliarum
1050 4453 1268 4529 ecclesiarum,

299 4553 379 4613 quas
401 4533 603 4616 intelligebat
625 4537 804 4600 saxonicas.
849 4536 960 4615 Quare
983 4540 1010 4601 si
1032 4540 1192 4620 principes
1215 4540 1271 4620 qui

300 4617 462 4680 habentur
484 4620 634 4684 meliores
656 4622 703 4685 ita
725 4636 803 4685 suut
830 4624 936 4687 affecti
966 4622 1007 4687 ad
1036 4624 1132 4688 huius
1154 4645 1270 4689 causae

300 4703 575 4783 compositionem,
595 4706 690 4771 fatcilc
708 4720 757 4772 est
776 4707 885 4771 videre
900 4710 977 4791 quid
1000 4711 1042 4773 sit
1064 4710 1270 4792 sperandum.

300 4786 430 4851 Deinde
451 4789 567 4866 adieci,
598 4815 650 4855 me
673 4814 837 4873 nunquam
862 4793 1117 4859 detrectaturum
1139 4816 1271 4877 operam

301 4894 407 4935 meam
438 4874 603 4956 colloquiis
636 4879 794 4942 eiusmodi
824 4880 1009 4961 ubicunque
1036 4882 1143 4945 fuero:
1163 4881 1218 4944 scd
1245 4882 1272 4945 si

302 4959 348 5021 eis
372 4958 459 5022 cordi
483 4976 567 5024 osset
589 4983 704 5028 causac
726 4964 824 5030 huius
845 4968 995 5050 cognitio,
1014 4988 1066 5030 me
1085 4966 1211 5032 dedisse
1233 4966 1273 5030 il-

405 5230 433 5293 6)
453 5233 494 5285 Io.
514 5251 530 5287 a
550 5235 648 5289 Lusco.

1407 4451 1576 4515 Audivisti
1598 4452 1672 4529 iam,
1691 4454 1743 4516 vir
1753 4453 1827 4526 Dei,
1849 4473 1913 4534 qno
1935 4454 2003 4517 loeo
2026 4475 2079 4518 res
2101 4474 2195 4517 meae
2219 4455 2299 4518 siut.

1323 4538 1456 4602 Vocatio
1490 4537 1806 4623 Hildebergensis,⁸)
1839 4550 1877 4602 ut
1909 4540 2013 4617 video,
2047 4539 2205 4620 impedita
2240 4553 2301 4604 est

1322 4624 1387 4688 Per
1414 4644 1466 4688 me
1490 4644 1554 4687 nou
1582 4626 1671 4689 stetit
1700 4625 1779 4707 quin
1808 4646 1991 4690 successum
2022 4626 2166 4690 haberet.
2205 4626 2248 4689 D.
2279 4647 2301 4689 a

1425 4896 1454 4960 7)
1473 4901 1592 4967 ospitare
1608 4900 1698 4965 poesia
1720 4899 1753 4952 de
1776 4898 1926 4965 Weatpbale'
1943 4898 2022 4952 Locis
2040 4900 2192 4967 praecipuis
2216 4901 2251 4952 de
2270 4901 2301 4952 vi

1323 4983 1373 5018 usu
1391 4973 1419 5018 et
1436 4967 1569 5035 dignitate
1587 4968 1719 5020 salutiferi
1739 4969 1867 5036 baptismi
1884 4985 1916 5021 ex
1935 4968 2108 5036 evangelistis
2121 4979 2150 5020 ct
2164 4971 2301 5036 apostolis

1323 5036 1442 5088 collectis
1460 5039 1524 5105 Arg.
1547 5035 1612 5088 1556
1634 5037 1747 5090 sedecim
1769 5035 1897 5098 {oliorum
1915 5038 1961 5099 (V.
1983 5037 2126 5099 ltocscbert'
2149 5039 2214 5090 aare.
2236 5044 2300 5093 mot.

1324 5104 1360 5156 ΙΙ,
1371 5103 1424 5184 ,97)
1443 5106 1500 5158 ndei
1517 5106 1550 5159 dc
1564 5107 1720 5173 canonico
1743 5106 1811 5159 libro
1829 5105 1935 5160 discet
1974 5105 2139 5160 scenicam
2156 5104 2223 5160 boec
2240 5113 2301 5160 noia

1323 5179 1456 5308 cuanqtg)
1474 5244 1523 5297 m
