4754 5880
289 313 347 374 127

287 519 345 563 sus
378 498 497 564 obtulit
530 498 765 564 confessionem
794 498 830 561 in
858 498 1149 563 (14444444444444
1179 498 1261 562 bene

1038 284 1301 376 4444444444
1322 311 1533 374 erle-2445

2221 311 2281 375 128

1397 496 1682 564 Η44444441444441
1711 507 1752 576 te,
1781 497 1834 563 vir
1855 495 2033 562 reverende
2051 503 2085 561 44
2106 497 2281 562 14444444-

287 583 515 649 Lutheranam
544 583 679 648 concilio
708 581 907 647 Tridentino.
952 583 1024 647 Non
1049 584 1152 648 nescis
1174 581 1261 649 hunc
1311 582 1448 660 rissime,
1471 584 1608 649 recitare
1630 583 1729 662 volui,
1749 606 1790 649 ne
1808 581 1886 667 quid
1903 583 2073 668 ignorares
2094 589 2281 648 nostrarum

287 669 478 752 Principem
506 689 594 734 nunc
622 669 746 751 primas
779 667 926 733 obtinere
959 669 1047 734 inter
1079 668 1259 751 Principes.

288 755 466 839 Nunquam
489 765 597 819 autem
621 753 701 818 mihi
724 754 981 838 persuadebitur,
994 755 1164 838 Principes
1187 766 1260 819 444-

287 841 397 905 tillum
427 841 466 906 de
492 841 533 904 iis
562 861 708 905 cessuros
736 860 819 922 qnae
836 841 943 922 palam
966 840 1171 924 Imperatori,
1196 840 1259 905 Or·

287 925 418 991 dinibus
439 925 567 1008 imperii
585 939 618 990 et
638 926 773 991 coneilio
791 925 1022 991 exhibuerunt.
1067 926 1189 991 Nolent
1210 927 1259 989 in·

287 1033 419 1077 currere
442 1012 607 1090 infamiae,
636 1012 872 1077 inconstantiae
900 1024 957 1077 aut
985 1012 1174 1078 deiectionis
1196 1012 1258 1077 cri-

287 1118 373 1175 men,
406 1097 499 1180 quesi
531 1095 704 1161 videantur
734 1098 788 1162 vel
813 1098 899 1162 ferre
924 1119 982 1163 nos
1012 1098 1065 1161 vel
1093 1098 1258 1163 colludere

287 1204 363 1249 cum
384 1182 610 1267 Zvvinglianis,
633 1203 714 1266 ques
737 1187 1033 1267 nequeAugustus,
1056 1204 1160 1266 neque
1175 1184 1258 1249 an-

287 1288 350 1346 sar,
379 1290 484 1352 neque
513 1290 597 1351 papa
620 1270 705 1333 forre
734 1269 805 1334 vult
832 1280 891 1333 aut
912 1279 1028 1351 potest,
1046 1267 1081 1334 id
1101 1268 1188 1352 quod
1211 1278 1259 1335 tot

287 1356 438 1420 attentis
467 1355 605 1421 decretis
634 1355 826 1438 imperiique
847 1355 1027 1421 recessibus
1048 1355 1159 1420 testati
1181 1364 1259 1420 sunt

287 1447 321 1506 et
341 1441 550 1524 evulgarunt.

372 1527 444 1591 Iam
473 1527 542 1609 ipsc
573 1547 637 1590 non
662 1526 758 1591 video
789 1524 866 1608 quid
889 1526 929 1591 ad
952 1536 1082 1592 4444444
1104 1526 1257 1593 ecclesias

287 1633 329 1677 ex
362 1612 423 1677 hoc
455 1612 614 1694 colloquio
646 1612 734 1676 aliud
767 1610 873 1678 redire
898 1614 999 1696 possit
1021 1634 1118 1695 quam
1139 1614 1258 1696 ingens

287 1696 426 1763 dedecus
449 1709 482 1762 et
500 1696 741 1762 detrimentum.
786 1697 898 1778 Quum
925 1701 1045 1764 4416444
1066 1719 1103 1762 44
1124 1697 1258 1764 domum

286 1785 391 1849 nostri
413 1783 579 1860 redierint,
602 1783 760 1848 increscet
777 1784 968 1868 indignatio,
987 1786 1147 1851 increscet
1165 1806 1258 1850 scan-

287 1868 396 1934 dalum
420 1884 453 1935 et
482 1868 742 1952 suppeditabitur
763 1871 965 1953 amplissima
987 1871 1096 1954 impiis
1115 1869 1258 1947 ludendi,

285 1955 415 2020 ridendi
433 1965 467 2019 et
489 1955 648 2039 gloriandi
678 1958 824 2020 materia.
870 1955 958 2036 Quid
981 1955 1067 2039 quod
1090 1957 1258 2021 44414444-

286 2050 338 2105 tra
361 2052 477 2119 metuo,
500 2040 604 2105 multo
622 2042 762 2106 acriores
784 2041 825 2106 de
847 2042 1014 2108 nonnullis
1032 2042 1103 2107 41444
1126 2041 1259 2126 dogma·

286 2127 374 2191 tibus
397 2128 622 2192 contentiones
644 2126 830 2205 movendas,
853 2148 951 2210 quam
974 2149 1063 2193 nunc
1084 2130 1146 2210 ipsi
1168 2139 1259 2210 pute-

286 2233 369 2277 mus.
412 2212 454 2276 In
482 2212 535 2277 1444
562 2223 688 2278 4644444
716 2233 769 2278 me
796 2214 955 2296 exempla.
992 2214 1076 2278 Nam
1105 2222 1142 2277 ut
1163 2213 1258 2278 modo

288 2296 328 2362 de
364 2297 531 2381 colloquiis
562 2298 784 2381 imperialibus
824 2299 907 2363 nihil
940 2298 1056 2376 dicam,
1090 2307 1257 2382 quantum,

288 2384 431 2462 obsecro,
459 2384 537 2449 mali
564 2383 653 2449 dedit
682 2385 825 2450 ccelesiis
846 2393 879 2449 et
901 2385 1100 2450 Germaniae
1122 2393 1156 2450 et
1176 2385 1258 2450 Hel·

287 2471 395 2536 vetiae
424 2470 592 2552 colloquiis
622 2471 692 2534 suis
714 2471 755 2535 D.
780 2470 944 2536 Bararus?
985 2470 1159 2552 Quaesivit
1181 2491 1259 2536 sano

287 2576 401 2638 pacem
435 2566 468 2620 64
490 2556 574 2621 bono
592 2555 733 2637 quodam
752 2556 819 2620 zelo
841 2556 1014 2622 videbatur
1036 2577 1151 2622 curare
1173 2556 1259 2622 velle

288 2641 411 2706 vulnus
440 2642 526 2706 liliae
555 2641 646 2717 Zion,
677 2641 734 2706 sed
762 2643 832 2724 ipse
866 2664 976 2707 rerum
1009 2657 1145 2707 eventus
1163 2644 1260 2707 evicit

288 2726 515 2809 imprudenter
536 2741 570 2791 et
592 2728 677 2791 male
699 2729 805 2811 ipsum
829 2731 943 2812 egisse.
984 2728 1107 2793 Audivi
1129 2730 1259 2794 414414-

312 2811 363 2887 lis,
386 2834 451 2878 non
469 2815 577 2878 fluxae
600 2812 675 2878 fidei
700 2814 895 2891 hominibus,
915 2830 1065 2898 rogatum
1083 2814 1259 2896 aliquando

322 2919 448 2963 acerum
480 2898 519 2963 de
542 2919 639 2965 causa
667 2919 786 2965 coenae
814 2898 914 2964 etde
943 2921 1042 2965 causa
1069 2901 1260 2965 concordiae

288 2983 507 3067 respondisse:
544 2984 649 3049 Video
672 2984 780 3050 Deum
803 2985 890 3051 nolle
912 3007 972 3068 per
992 3008 1044 3050 me
1067 2987 1186 3050 instrui
1208 3006 1259 3051 ec·

289 3068 412 3136 clesias.
453 3069 540 3154 Opto
569 3072 679 3154 itaque
708 3071 768 3138 tibi
798 3072 1047 3154 praecellentem
1066 3072 1259 3154 prudentiae

289 3155 450 3238 spiritum,
473 3156 596 3239 optime
618 3158 665 3220 mi
686 3157 796 3235 144444,
826 3179 868 3221 ne
890 3157 968 3240 quid
990 3159 1025 3222 in
1047 3156 1259 3223 instituendis

288 3242 572 3324 periculosissimis
591 3242 759 3325 colloquiis
777 3242 899 3325 aliquid
921 3264 1009 3327 agas,
1032 3243 1124 3309 cuius
1148 3251 1261 3328 postea

287 3328 461 3410 poeniteat.
496 3326 534 3394 Si
546 3329 587 3393 D.
607 3328 774 3412 Verperiue
787 3328 931 3411 aliquam
952 3330 1011 3394 tibi
1033 3330 1137 3414 aperit
1158 3351 1259 3412 spem,

288 3413 399 3478 miror.
443 3412 498 3478 Ad
530 3435 582 3478 me
615 3415 704 3477 enim
737 3415 877 3497 scripsit,
906 3426 1053 3499 satagere
1075 3415 1205 3498 quidem
1228 3426 1260 3479 44

288 3522 347 3585 pro
369 3501 494 3584 synodo
512 3499 726 3580 convocanda,
750 3500 807 3566 sod
829 3500 961 3565 frustra.
995 3502 1068 3567 Hac
1088 3502 1160 3583 ipsa
1180 3502 1261 3566 14444

289 3586 453 3670 significat
474 3586 600 3650 animos
617 3607 752 3650 suorum
769 3587 1068 3669 exasperatissimos
1079 3609 1152 3653 esse
1163 3608 1260 3671 prop-

288 3679 341 3738 444·
369 3671 473 3737 editos
501 3694 520 3736 4
550 3670 694 3748 Calvino,
729 3672 953 3738 Bembordino
978 3684 1012 3737 et
1040 3695 1092 3738 me
1125 3673 1260 3750 libellos,

289 3779 395 3841 neque
417 3759 482 3822 iam
506 3756 594 3822 aliud
612 3757 810 3840 sperandum
832 3780 930 3841 quam
953 3779 1107 3842 pugnam.

375 3843 561 3908 Beruenses
579 3853 733 3925 nonputo
755 3843 849 3909 facile
860 3865 1077 3910 consensuros
1098 3844 1135 3907 in
1157 3842 1261 3907 ullum

289 3929 495 4013 colloquium,
526 3939 564 3994 ut
592 3930 646 4011 qui
675 3927 782 3996 adhuc
811 3939 891 3995 sunt
918 3951 1078 3995 memores
1101 3939 1260 4011 quantum

289 4016 378 4098 ipsos
407 4015 617 4081 exercuerint
645 4016 838 4098 quantisque
875 4016 1027 4098 perieulis
1060 4015 1262 4081 involverint

288 4101 430 4167 infelicia
452 4100 570 4166 Buceri
592 4100 758 4184 colloquia.
789 4100 885 4182 Quod
907 4112 1035 4167 nostros
1053 4103 1178 4177 attinet,
1201 4100 1261 4164 vix

288 4187 391 4253 ullam
410 4187 544 4251 mittent
568 4187 773 4270 legationem,
796 4189 825 4252 si
846 4189 958 4253 Berna
976 4187 1100 4252 nullam
1123 4187 1259 4251 miserit.

289 4269 329 4338 Si
362 4294 441 4338 vero
474 4272 633 4350 miserint,
660 4293 727 4337 non
761 4273 824 4338 alia
857 4273 929 4357 lege
950 4274 1083 4339 mittent
1104 4294 1201 4356 quam
1223 4282 1261 4337 ut

290 4358 484 4431 auscultent,
523 4358 704 4424 doctrinam
733 4359 887 4425 ecclesiae
920 4368 1051 4424 nostrae
1077 4368 1261 4442 proponant

290 4453 324 4509 et
342 4452 505 4522 tueantur,
523 4444 726 4509 nihilautem
750 4445 803 4510 vel
822 4445 982 4527 recipiant
1003 4444 1055 4510 vel
1078 4443 1260 4527 repudient,

289 4529 429 4612 probent
447 4530 497 4594 vel
509 4529 703 4613 improbent,
725 4528 784 4595 sed
801 4541 874 4595 acta
886 4531 957 4612 ipsa
968 4530 1100 4595 domum
1117 4527 1275 4595 referant

290 4614 332 4679 ad
357 4624 507 4681 senatum
526 4624 559 4680 et
586 4615 723 4698 plebem.
767 4616 833 4681 Hic
856 4618 944 4681 enim
965 4616 1090 4698 patrius
1112 4637 1183 4681 mos
1200 4623 1261 4694 est,

290 4722 398 4786 neque
420 4700 510 4767 aliud
531 4701 594 4767 sibi
615 4702 804 4784 persuaderi
825 4703 1026 4784 permittent.
1068 4700 1156 4767 Sunt
1172 4702 1260 4766 enim

290 4796 324 4853 et
345 4789 408 4870 ipsi
427 4786 595 4869 colloquiis
613 4786 678 4852 illis
700 4788 881 4853 Buceranis
903 4785 946 4852 ad
967 4785 1135 4852 fastidium
1157 4809 1261 4871 usque

290 4873 378 4939 ultro
407 4875 552 4955 citroque
579 4873 688 4937 vexati
715 4884 748 4936 et
764 4874 890 4938 frustra
911 4873 1047 4958 fatigati.
1092 4871 1188 4953 Quod
1207 4894 1262 4939 me

291 4961 417 5037 attinet,
451 4958 583 5023 mallem
612 4977 692 5024 sanc
725 4959 862 5042 colloqui
896 4979 970 5024 cum
1003 4959 1262 5042 papisticissimis

291 5066 389 5128 quam
412 5065 487 5111 cum
508 5043 570 5109 hoc
588 5044 759 5109 hominum
769 5065 898 5129 genere,
922 5045 1007 5128 quod
1030 5044 1123 5111 video
1145 5046 1261 5111 huma-

292 5131 432 5196 nitatem
455 5129 583 5195 exuisse
612 5137 646 5193 et
674 5126 872 5213 deploranda
894 5153 929 5196 se
951 5151 1095 5198 armasse
1116 5132 1259 5215 pertina-

292 5218 350 5297 cia,
372 5227 411 5281 ut
432 5215 567 5298 nequid
591 5214 697 5281 dicam
715 5217 869 5282 acerbius.

1311 689 1349 735 co
1374 669 1553 735 'tationum
1589 670 1639 734 'ru
1667 691 1726 752 pro
1753 679 1813 735 tua
1833 670 1955 753 pietate
1977 669 2086 735 omnia
2107 669 2183 734 boni
2204 689 2280 734 con·

1311 775 1392 820 sue.
1433 756 1519 820 Vive
1547 766 1579 820 et
1611 755 1695 821 vale.
1740 755 1856 840 'ligeri
1886 752 2041 820 Calendis
2072 753 2155 820 Maii
2190 757 2279 819 1556.

1310 840 1442 906 literas
1460 841 1592 907 obsecro
1610 842 1709 925 probe
1730 850 1843 906 curato
1862 862 1944 924 quas
1965 840 2085 924 accipis
2105 840 2280 923 inscriptas

1310 923 1352 990 D.
1377 926 1541 992 Mitroaio.
1582 928 1734 992 Mortuus
1756 937 1807 992 est
1828 927 1971 1010 optimus
1992 946 2094 992 senex
2115 924 2158 991 D.
2184 924 2279 992 Pelli-

1308 1031 1416 1089 44444,
1434 1013 1470 1077 44
1499 1013 1592 1077 cuius
1614 1013 1720 1079 locum
1743 1019 1879 1079 vocatur
1900 1014 1965 1078 iam
1988 1013 2029 1078 D.
2056 1011 2171 1077 Petrus
2189 1010 2280 1078 Mor·

1309 1102 1366 1180 tyr.
1410 1097 1567 1165 Salutant
1584 1109 1616 1163 te
1637 1099 1757 1164 fratres
1779 1118 1900 1164 omnes.

1877 1236 2090 1320 Bullingerus
2108 1244 2194 1299 tuus.

1705 1561 1908 1574 ἡ·

1754 1832 1853 1903 2444.
1985 1891 1989 1898 .

1512 1987 1743 2056 SEILERUS
1766 1986 2082 2054 BULLINGERO.

1403 2161 1615 2246 Westpbolmn
1635 2163 1783 2242 increpat.

1311 2336 1491 2403 (Excerptnm
1515 2350 1549 2385 ex
1567 2331 1735 2401 autographo
1753 2331 1823 2384 Bibl.
1840 2333 1891 2384 civ.
1910 2331 1999 2384 'l'nric
2018 2332 2048 2384 F.
2063 2330 2106 2398 62,
2130 2332 2196 2385 olim
2214 2313 2282 2399 llpp.

1493 2402 1568 2455 Tem.
1586 2399 1629 2466 27,
1647 2401 1693 2455 141.
1710 2398 1770 2453 489.
1790 2430 1822 2439 -
1841 2399 1946 2455 Simler.
1966 2400 2025 2453 Vol.
2042 2397 2100 2466 87.)

1313 2701 1349 2710 -
1373 2699 1417 2710 -
1439 2659 1506 2727 Sed
1536 2661 1662 2728 habetis
1691 2681 1748 2726 vos
1781 2660 1929 2725 homines
1961 2658 2094 2723 acerbos
2123 2664 2157 2722 et
2186 2655 2283 2721 vehe-

1311 2758 1446 2814 mentes.
1490 2747 1687 2830 Wcstpholus
1706 2767 1745 2811 ea
1766 2751 1829 2829 qua
1850 2746 1933 2811 solet
1954 2744 2004 2809 uti
2026 2741 2187 2808 modestia
2207 2763 2282 2809 444-

1311 2843 1364 2900 tra
1385 2834 1550 2898 neminem
1574 2832 1756 2911 hominum,
1779 2851 1840 2896 nec
1861 2830 2042 2896 maledictis
2064 2847 2126 2893 nec
2147 2824 2283 2893 immuni

1310 2921 1379 2986 ulla
1398 2919 1620 3003 imprudentia
1639 2919 1798 2984 hactenus
1819 2915 2008 2983 insurrexit.
2047 2915 2102 2979 En
2123 2913 2185 2979 tibi
2206 2913 2282 2978 sim-

1310 3006 1466 3091 plicitatis
1498 3006 1533 3070 in
1565 3025 1603 3070 eo
1636 3004 1832 3087 exemplum.
1882 3001 1969 3067 Proh
2001 2999 2091 3066 dolor
2124 3005 2284 3083 quantum

1311 3099 1408 3159 vetus
1437 3093 1604 3175 papismus
1629 3090 1736 3155 denuc
1769 3110 1828 3172 per
1854 3088 1934 3154 istos
1962 3084 2141 3152 nebulones
2167 3105 2284 3152 vereor

1313 3199 1353 3243 ne
1382 3179 1510 3261 integer
1539 3175 1743 3254 restituatur,
1772 3173 1852 3240 adeo
1879 3171 2100 3240 increbrescit
2145 3171 2283 3255 Tempe·

1312 3265 1455 3329 rentiam
1475 3273 1620 3329 vestram
1648 3261 1711 3327 sibi
1739 3268 1878 3328 conatur
1907 3259 2100 3333 adscribere,
2123 3278 2223 3340 quam
2243 3276 2284 3322 ne

1310 3350 1432 3415 imitari
1450 3347 1580 3432 quidem
1598 3349 1700 3413 novit.
1738 3347 1894 3413 Livorem
1911 3366 2010 3410 suum
2030 3345 2066 3410 in
2086 3364 2148 3409 vos
2169 3343 2282 3409 reiicit

1312 3434 1436 3502 Cavete
1458 3444 1568 3500 tamen
1591 3435 1684 3509 serio,
1714 3455 1755 3498 ne
1777 3453 1844 3497 non
1865 3431 1991 3497 homini
2013 3428 2189 3496 triobulate
2211 3448 2283 3514 gra·

1313 3521 1400 3587 viter
1438 3518 1669 3602 respondeatis.
1705 3549 2283 3567 ----------

1313 3608 1467 3691 Augusta
1490 3604 1621 3672 441444
1647 3611 1736 3670 1556.

1698 3742 1762 3806 'rui
1784 3763 1825 3807 44
1846 3742 1955 3805 animo
1977 3738 2283 3805 observantissimus

1827 3826 1978 3910 Raphael
2001 3824 2117 3892 Seiler.
2129 3829 2155 3899 ¹)

1746 4355 1846 4427 2445.

1590 4509 1767 4576 POLONI
1788 4507 2006 4575 OALV'INO.

1401 4683 1475 4749 Post
1491 4683 1606 4748 multoe
1623 4687 1651 4747 et
1663 4683 1850 4764 praeclaras
1867 4682 1975 4747 1444144
1991 4680 2182 4748 &admon
2192 4697 2285 4744 44444

1312 4770 1472 4837 ceurae
1499 4774 1534 4834 ct
1565 4769 1634 4851 ipse
1660 4771 1695 4834 ic
1724 4767 1889 4833 Poloaicm
1917 4787 1951 4834 44
1982 4767 2121 4850 conferre
2152 4765 2226 4832 velit
2252 4768 2285 4830 41

1312 4860 1485 4923 4444444444
1505 4855 1665 4922 eccleeiom
1686 4853 1758 4920 1444
1777 4854 2000 4920 instituendam
2020 4858 2114 4920 caret

1388 5027 1444 5092 (Ex
1461 5027 1617 5097 apographo
1635 5025 1699 5081 eod.
1716 5025 1803 5082 Poris.
1820 5025 1919 5096 anuy
1936 5025 1995 5080 Vol.
2014 5023 2073 5091 102,
2092 5024 2139 5080 lol.
2158 5024 2217 5090 97.)

1314 5233 1413 5289 4444.
1421 5233 1450 5303 4)
1473 5233 1541 5289 444
1560 5232 1597 5288 44.
1617 5230 1692 5301 rece,
1709 5239 1764 5288 aa.
1782 5232 1807 5286 4.
