4778 5888
285 331 349 396 aas
838 418 841 424 Ο
1071 284 1075 291 ’
1118 319 1351 390 semrom
1375 322 1458 386 aeae
2227 317 2287 381 eu

245 547 249 557 ·
286 518 471 586 calumniae
491 518 528 582 in
550 516 644 583 cuius
665 514 789 580 crimen
819 513 1020 579 trahebatur.
1071 510 1182 592 Quare
1205 530 1264 592 pro
1399 507 1442 573 In
1475 508 1600 577 decimo
1624 511 1771 590 articulo,
1801 511 1856 576 ubi
1884 516 2056 575 accusatur
2091 505 2287 574 Valeruudus

286 604 438 672 absoluto
459 600 646 668 habendum
663 599 876 666 decrevimus
1049 630 1050 634 =
1314 593 1402 678 quod
1431 603 1505 678 post
1541 594 1666 662 oblatas
1698 596 1758 662 sibi
1791 597 1933 680 quinque
1966 594 2055 678 pacis
2086 590 2286 659 conditiones

375 689 483 772 Super
494 694 587 754 sexto
598 685 744 764 articulo,
765 683 821 748 ubi
838 684 988 769 arguitur
1005 681 1126 747 dixisse
1136 679 1264 764 publice
1315 681 1355 745 ab
1388 681 1568 764 Augustino
1598 681 1855 767 promulgaverit
1893 687 2004 746 tamen
2042 700 2101 763 pro
2134 685 2286 760 suggestu

287 796 307 842 e
329 782 496 860 suggestu,
519 773 570 839 bis
591 793 626 837 se
645 770 685 836 ab
708 770 844 836 ecclesia
860 768 961 835 fuisse
979 769 1206 835 confirmatum
1228 766 1263 830 in
1314 766 1530 850 Augustiuum
1546 767 1582 831 in
1600 789 1696 834 causa
1713 788 1783 834 esse
1801 765 1975 851 quominus
1992 784 2056 849 pax
2073 766 2183 829 fieret:
2202 771 2285 846 post·

288 861 490 938 ministerio,
523 857 776 942 pronunciamus
816 856 851 919 in
892 875 970 920 voce
1008 851 1264 920 confirmationis
1314 872 1412 934 quam
1435 853 1629 920 sciscitando
1646 854 1863 936 comperimus
1884 852 1917 917 id
1940 849 2094 917 accidisse
2116 856 2286 931 antequam

288 947 389 1012 fuisse
410 964 589 1010 excessum.
612 943 698 1007 Nam
719 941 871 1025 quamvis
888 940 977 1006 ultra
998 938 1264 1022 approbationem
1315 958 1432 1003 causae
1453 939 1594 1022 cognitio
1615 938 1659 1004 D.
1690 939 1873 1023 Glcuburgo
1900 936 2055 1002 mandata
2082 943 2178 1014 esset,
2206 933 2285 999 iudi·

289 1030 331 1097 ab
352 1031 448 1095 initio
468 1030 587 1096 factam
609 1026 736 1103 scheda,
767 1047 849 1108 quae
871 1046 957 1090 anno
979 1025 1126 1108 proxime
1155 1023 1265 1105 elapso
1315 1043 1428 1088 camus
1456 1024 1573 1090 melius
1605 1024 1769 1090 facturum
1796 1025 1895 1090 fuisse
1927 1025 1956 1089 si
1985 1020 2222 1105 supersedisset
2249 1019 2287 1085 ab

288 1125 363 1200 post
383 1115 639 1198 pacificationem
662 1113 746 1177 lecta
766 1112 838 1189 fuit,
860 1113 963 1195 possit
986 1113 1033 1174 ita
1053 1109 1156 1193 accipi
1177 1129 1215 1175 ao
1237 1107 1265 1173 si
1315 1107 1368 1173 his
1385 1108 1598 1193 publicandis.
1645 1110 1731 1176 Nam
1755 1118 1792 1174 ut
1814 1110 1887 1176 aliis
1905 1107 2103 1191 temporibus
2124 1108 2211 1172 iusta
2231 1126 2285 1171 ex-

288 1202 387 1267 tacite
415 1200 555 1284 populus
583 1208 690 1264 ratum
719 1196 888 1263 habuisset
921 1195 1093 1262 Vuicruuds'
1117 1194 1264 1258 ministe-
1316 1194 1441 1260 cusatio
1464 1195 1494 1259 ei
1516 1195 1615 1261 suerit
1636 1196 1720 1280 quod
1749 1217 1807 1279 per
1834 1195 1945 1278 ipsum
1973 1214 2039 1258 nou
2069 1200 2182 1271 steret,
2212 1198 2285 1256 tunc

289 1289 386 1368 rium,
407 1295 517 1351 tamen
539 1286 644 1350 forma
664 1280 827 1365 loquendi,
850 1280 935 1365 quod
955 1282 1006 1347 bis
1026 1280 1124 1345 fuerit
1146 1280 1264 1346 confir·
1316 1277 1422 1346 videri
1444 1281 1622 1365 Augustino
1642 1283 1728 1346 facta
1750 1281 1869 1346 iniuria
1893 1286 2008 1364 potest,
2034 1279 2089 1364 qui
2114 1298 2221 1361 nuper
2248 1274 2285 1341 ud

288 1379 407 1452 matus,
425 1391 589 1453 eousque
611 1390 674 1434 non
697 1377 803 1452 potest
831 1366 974 1433 extendi.
1017 1366 1135 1449 Itaque
1162 1365 1265 1430 satius
1315 1365 1396 1431 istas
1428 1366 1517 1449 leges
1549 1366 1759 1433 descenderat
1790 1387 1872 1451 quas
1904 1365 2039 1450 putabat
2077 1384 2197 1447 aequae
2228 1361 2286 1429 sibi

289 1458 405 1524 inisset
441 1456 656 1522 Vasconum
692 1454 732 1519 ab
771 1474 808 1519 eo
837 1454 938 1519 verbo
970 1449 1180 1535 supersedere
1212 1449 1264 1514 vel
1315 1469 1395 1516 esse.

290 1543 386 1609 aliter
407 1541 577 1607 moderari.
585 1546 610 1617 ⁶)
1403 1537 1512 1623 Super
1550 1537 1737 1617 undecimo,
1778 1536 1834 1603 ubi
1872 1542 2043 1603 accusatur
2092 1533 2286 1600 Valeruudus

374 1627 416 1692 In
433 1628 572 1710 septimo
590 1625 727 1692 articulo
744 1624 801 1689 ubi
818 1646 855 1689 ar
901 1623 968 1688 itur
984 1623 1031 1687 M.
1058 1621 1263 1699 Valeraudus,
1316 1621 1402 1707 quod
1414 1622 1539 1689 duriter
1551 1623 1708 1706 quosdam
1718 1623 1877 1708 repulerit
1888 1622 1944 1707 qui
1961 1620 2004 1687 ad
2015 1642 2090 1687 eum
2107 1620 2285 1705 rogandum

288 1713 324 1777 iu
346 1711 491 1779 diaconis
512 1711 679 1796 eligendis,
702 1732 802 1795 quum
824 1732 858 1776 sc
884 1707 961 1774 edas
985 1707 1148 1786 scriberet,
1171 1726 1266 1789 quae·
1315 1719 1476 1774 venerant
1507 1731 1550 1774 ne
1581 1710 1760 1794 Augustino
1794 1706 1987 1792 colloquium
2015 1720 2169 1791 negaret,
2203 1703 2285 1770 unde

290 1796 366 1862 dam
388 1798 522 1863 nomina
544 1797 771 1880 suppressisse,
794 1795 858 1860 alia
880 1794 1098 1878 supposuisse,
1121 1812 1265 1876 pronun·
1315 1795 1423 1877 palam
1448 1796 1541 1860 fieret
1561 1817 1661 1879 penes
1683 1817 1778 1879 quem
1800 1792 1957 1860 resideret
1977 1792 2074 1877 culpa
2100 1791 2141 1857 de
2163 1789 2287 1857 schedis

289 1884 414 1949 ciamus
436 1882 521 1966 quod
547 1883 743 1947 Vulcraudus
760 1891 827 1946 tam
846 1879 1053 1965 negligenter
1069 1898 1105 1943 se
1127 1878 1265 1962 gesserit
1315 1879 1504 1963 publicatis,
1542 1883 1811 1964 pronunciamus:
1853 1881 1930 1965 quia
1962 1880 2060 1945 certis
2093 1877 2285 1943 testimoniis

289 1980 327 2033 ut
349 1967 485 2034 schedas
502 1968 597 2033 falsas
611 1967 808 2051 obsignaret,
826 1967 861 2031 in
885 1965 1002 2048 quibus
1014 1964 1133 2048 partim
1145 1964 1266 2028 omissa
1316 1967 1487 2048 probatum
1504 1968 1599 2032 nobis
1620 1967 1682 2032 fuit
1702 1967 1776 2033 illos
1798 1967 1885 2049 ipsos
1902 1964 2073 2032 consilium
2091 1965 2180 2029 inter
2202 1984 2236 2027 se
2256 1968 2286 2026 et

289 2054 410 2137 partim
432 2053 544 2118 addita
565 2054 689 2118 fuerint
708 2054 848 2131 nomina,
872 2051 1063 2136 praesertim
1082 2069 1162 2114 vero
1180 2047 1264 2132 quod
1316 2073 1392 2117 cum
1414 2051 1488 2116 aliis
1513 2060 1660 2135 captasse
1681 2052 1720 2117 de
1750 2051 1895 2118 vocando
1916 2052 1951 2115 iu
1974 2051 2133 2134 templum
2160 2047 2285 2146 populo,

290 2159 402 2205 eorum
443 2159 574 2222 operam
607 2137 828 2221 repudiaverit
882 2138 916 2202 ui
957 2133 1092 2202 schedas
1124 2135 1160 2198 in
1193 2134 1265 2198 aliis
1314 2137 1413 2220 idque
1431 2138 1502 2202 sine
1523 2137 1653 2221 publica
1674 2139 1857 2215 autoritate,
1876 2136 2068 2221 praesertim
2085 2156 2186 2220 quum
2205 2154 2285 2198 exus·

290 2223 503 2290 electionibus
535 2223 747 2306 scripserant,
785 2159 901 2288 deinde
933 2220 1018 2305 quod
1050 2240 1166 2304 passus
1198 2241 1264 2284 non
1316 2222 1404 2288 modi
1426 2231 1606 2289 conventus
1628 2223 1706 2289 mali
1728 2225 1795 2289 sint
1817 2222 1959 2306 exempli
1980 2229 2015 2286 et
2040 2221 2173 2304 pariant
2195 2239 2286 2302 saepe

289 2309 389 2374 fuerit
411 2309 596 2384 adiacens
627 2310 682 2392 qui
703 2310 785 2372 vitia
809 2310 889 2374 haec
911 2308 1014 2375 vitare
1043 2314 1075 2371 et
1103 2305 1265 2389 corrigere
1315 2328 1434 2392 graves
1466 2306 1578 2374 turbas
1611 2329 1649 2375 ac
1687 2309 1792 2374 multa
1822 2308 1966 2392 pericula
1997 2327 2108 2373 secum
2148 2305 2286 2383 trahant,

289 2403 427 2479 poterat,
451 2394 627 2479 obsignari,
657 2393 713 2460 sed
742 2404 856 2460 mutuo
885 2413 1013 2458 sumere
1042 2391 1194 2455 maluerit
1223 2392 1265 2456 si·
1317 2395 1386 2459 eius
1414 2394 1634 2460 conventiculi
1664 2393 1805 2460 habendi
1840 2401 1972 2459 autores
2001 2413 2152 2475 peccasse
2186 2399 2220 2456 et
2245 2393 2292 2455 in·

317 2481 407 2544 'llum
424 2480 467 2544 D.
496 2480 653 2546 o'Lasco:
679 2479 822 2545 adhaec
845 2476 1017 2562 quodiam
1045 2484 1123 2541 ante
1150 2477 1266 2541 fuisset
1317 2477 1519 2546 considerate
1541 2481 1655 2564 egisse,
1685 2487 1721 2544 ut
1749 2500 1860 2544 eorum
1889 2480 2011 2544 lactum
2041 2479 2291 2561 reprehensione

314 2586 332 2629 e
364 2565 430 2630 illis
463 2565 551 2629 vitiis
584 2564 783 2641 admonitus,
817 2565 933 2630 saltem
971 2564 1006 2626 in
1046 2582 1114 2627 una
1146 2560 1266 2627 scheda
1317 2564 1453 2649 dignum
1475 2566 1527 2644 sit,
1546 2575 1707 2630 ettamen
1733 2565 1945 2631 Valeruudum
1962 2563 2132 2629 seditiosos
2149 2562 2291 2628 vocando

290 2651 407 2716 fuisset
428 2649 631 2733 deprehensa
652 2650 776 2715 falsitas
800 2652 892 2733 eique
914 2653 1105 2726 monstrata,
1132 2649 1183 2712 vel
1211 2668 1264 2713 ca·
1316 2650 1447 2715 modum
1470 2652 1655 2729 excessisse,
1678 2671 1739 2717 neo
1761 2659 1880 2716 setam
1904 2649 2028 2733 placide
2050 2659 2082 2713 et
2104 2649 2291 2714 humaniter

290 2756 368 2802 vere
391 2736 549 2800 attentius
567 2736 724 2813 debuerit,
747 2744 907 2801 ettamen
927 2735 1108 2816 prorniscue
1130 2732 1267 2798 schedas
1316 2737 1454 2820 gessisse
1481 2757 1578 2819 quam
1609 2735 1750 2813 decebat,
1784 2736 1898 2801 multis
1930 2736 2123 2820 praesertim
2152 2736 2289 2801 circum·
2353 2762 2356 2767 ²

290 2841 373 2905 quae
401 2820 518 2885 merito
545 2831 713 2903 suspectae
734 2842 806 2887 esse
834 2819 996 2886 debebant
1026 2819 1263 2903 obsignaverit:
1315 2823 1444 2887 stautiis
1461 2821 1582 2887 additis
1604 2844 1686 2906 quas
1704 2823 1901 2887 notavimus.

290 2906 327 2971 in
359 2905 419 2972 hac
452 2907 578 2972 incuria
610 2907 709 2972 luisse
741 2927 877 2993 gravem
917 2915 950 2970 et
981 2905 1083 2969 latam
1122 2905 1262 2986 culpam.
1402 2906 1512 2990 Super
1548 2908 1774 2973 duodecimum
1811 2907 1985 2973 articulum
2026 2907 2081 2972 ubi
2126 2927 2290 2985 recusasse

292 2990 379 3071 Quia
400 2998 509 3056 tamen
532 2991 572 3056 de
600 2991 716 3058 fraude
744 2993 836 3058 nobis
858 3014 924 3056 nou
954 2999 1090 3068 constat,
1119 3010 1263 3073 pronun·
1317 2991 1436 3058 dicitur
1464 2993 1663 3059 Volcruudus
1684 2994 1826 3058 oblatam
1848 3014 1868 3058 a
1895 2993 2000 3059 tribus
2029 2991 2214 3057 senioribus
2239 3013 2290 3056 ra·

290 3078 376 3142 ciere
404 3079 502 3141 etiam
533 3077 702 3154 nolumus,
736 3100 795 3145 nec
827 3099 903 3144 eum
939 3077 1036 3142 etiam
1076 3076 1264 3141 subiicimus
1315 3080 1439 3142 tionem
1461 3079 1662 3157 concordiae,
1684 3080 1951 3161 pronunciamus:
1974 3079 2051 3161 quia
2068 3079 2162 3143 nobis
2180 3078 2289 3161 liquet,

291 3161 369 3228 huic
391 3162 530 3228 crimini.
1317 3184 1384 3230 non
1420 3164 1614 3248 simpliciter
1645 3165 1699 3229 vel
1736 3166 1880 3247 praecise
1912 3183 2092 3243 recusasse,
2127 3163 2184 3229 scd
2218 3164 2291 3247 quia

376 3247 548 3328 Quantum
570 3248 610 3313 ad
633 3258 783 3315 octavum
806 3246 990 3325 articulum,
1019 3247 1075 3310 ubi
1105 3247 1265 3312 mendacii
1317 3250 1518 3334 Augustinus
1536 3249 1683 3314 ordinem
1713 3251 1878 3315 seniorum
1907 3251 1962 3333 qui
1995 3258 2073 3314 tunc
2106 3256 2201 3314 erant
2232 3268 2288 3313 no·

290 3344 323 3396 et
344 3334 579 3398 inconstantiae
601 3335 759 3419 arguitur,
789 3333 865 3417 quia
887 3331 1015 3408 dixerit,
1040 3329 1098 3418 [st]
1123 3353 1165 3397 ex
1187 3333 1265 3396 arti·
1316 3336 1433 3401 luisset
1454 3355 1631 3419 agnoscere
1652 3356 1710 3419 pro
1731 3336 1885 3419 legitimo,
1906 3336 2005 3401 fuisse
2027 3335 2170 3417 aliquam
2193 3356 2289 3400 excu-

290 3418 373 3482 oulis
394 3426 507 3483 contra
529 3441 600 3484 sea
622 3420 664 3484 D.
685 3418 821 3485 Serteiio
838 3417 1003 3500 productis
1020 3424 1133 3483 exacte
1151 3419 1266 3482 fuisset
1317 3421 1487 3499 sadonem,
1521 3428 1555 3486 et
1582 3441 1768 3504 quanquam
1800 3421 1950 3487 omnibus
1975 3422 2128 3504 expensis
2162 3420 2290 3487 ridetur

291 3506 468 3587 cognitum,
492 3506 636 3587 potuisse
667 3507 816 3589 cognosci
840 3502 1011 3569 Secbclium
1038 3505 1144 3585 ipsum
1173 3524 1266 3569 men·
1317 3506 1462 3572 voluisse
1485 3501 1624 3571 colorem
1646 3505 1830 3585 obtendere,
1854 3527 1958 3590 neque
1980 3508 2073 3572 nobis
2095 3508 2193 3589 plane
2214 3507 2290 3571 satis

291 3590 388 3653 titum
399 3590 508 3666 fuisse,
526 3591 676 3673 quamvis
690 3599 801 3654 tamen
812 3591 966 3672 utrinque
980 3589 1116 3672 polliciti
1127 3589 1267 3653 brissent
1317 3593 1441 3657 iaciunt
1462 3614 1543 3675 quas
1566 3592 1698 3658 adducit
1719 3593 1871 3671 rationes,
1894 3592 2076 3658 iudicamus
2094 3601 2204 3657 tamen
2227 3613 2289 3657 non

291 3672 332 3739 de
355 3675 407 3740 his
429 3674 525 3740 rebus
558 3698 592 3741 se
620 3697 788 3759 nunquam
808 3673 910 3740 verba
930 3677 1086 3751 tacturos,
1120 3695 1265 3757 pronun·
1316 3678 1364 3741 ita
1381 3679 1473 3759 gravi
1495 3677 1608 3760 culpae
1629 3699 1700 3743 esse
1717 3676 1903 3743 obnoxium.

289 3761 415 3825 ciamus
437 3781 504 3825 non
523 3761 649 3845 liquere
671 3762 763 3826 nobis
791 3761 856 3825 tale
876 3761 1031 3842 probrum
1061 3761 1122 3842 ipsi
1153 3759 1266 3826 Sasu
1402 3763 1443 3827 In
1465 3765 1561 3828 tertio
1579 3773 1612 3828 et
1630 3765 1753 3830 decimo
1771 3764 1907 3828 articulo
1933 3764 2145 3835 Veterensem
2162 3770 2291 3830 accusat

290 3845 437 3909 inustum
471 3848 673 3913 sermonibus
713 3847 894 3912 Volcraudu'.
955 3847 1055 3911 Hunc
1088 3866 1165 3927 ergo
1198 3855 1265 3909 tam
1318 3848 1516 3933 Augustinus
1538 3849 1622 3932 quod
1652 3871 1752 3933 quum
1780 3848 1874 3914 ambo
1902 3849 1965 3933 ipsi
1998 3869 2107 3914 coram
2136 3859 2209 3916 octo
2237 3848 2290 3913 de·

292 3931 474 3996 calumniae
496 3953 595 4014 quam
617 3933 757 3997 violatae
778 3931 853 3996 fidei
877 3930 973 4015 culpa
995 3931 1179 3995 liberamus.
1317 3934 1410 4000 lectis
1445 3956 1520 4001 suas
1555 3936 1793 4001 controversias
1833 3947 2052 4018 exponerent,
2094 3935 2290 4000 Vaicruudus

379 4015 487 4099 Super
497 4039 619 4082 nonum
632 4017 813 4093 articulum,
833 4016 888 4080 ubi
900 4017 1047 4099 queritur
1058 4017 1265 4099 Augustinus,
1318 4020 1436 4084 bonam
1470 4030 1596 4102 partem
1633 4022 1807 4087 criminum
1848 4041 1930 4102 quae
1964 4022 2026 4086 sibi
2059 4021 2291 4087 obiiciebantur

293 4122 393 4185 quum
416 4102 557 4186 eligendi
579 4104 719 4167 ministri
739 4123 837 4168 causa
859 4101 1090 4184 adpetendam
1114 4100 1265 4167 schedam
1319 4105 1487 4170 confessus
1520 4116 1585 4185 est,
1617 4106 1681 4171 alia
1713 4106 1844 4171 silentio
1877 4107 2076 4186 transmisit,
2108 4119 2146 4171 ut
2179 4108 2243 4171 duo
2273 4127 2290 4170 e

294 4207 367 4251 cum
391 4188 463 4252 aliis
485 4190 638 4265 venisset,
668 4209 703 4253 se
724 4187 889 4270 repulsam
912 4187 1012 4253 fuisse
1038 4208 1181 4270 passum,
1204 4188 1269 4251 nisi
1320 4200 1413 4256 coetu
1435 4191 1580 4256 dicerent
1602 4192 1699 4276 longe
1721 4192 1816 4256 aliter
1834 4213 1869 4256 se
1891 4194 1983 4275 prius
2005 4191 2134 4257 edoctos
2156 4194 2290 4257 fuisses

181 4297 185 4304 ·
292 4273 457 4338 seniorum
470 4272 618 4338 electioni
631 4272 857 4349 subscriberet,
877 4274 1144 4355 pronunciamus:
1168 4293 1267 4355 quum
1329 4276 1513 4356 Volsraudo,
1546 4278 1818 4360 pronunciamus:
1847 4274 1881 4341 id
1907 4279 2043 4342 minime
2073 4279 2173 4344 luisse
2201 4278 2291 4343 nobis

215 4369 221 4374 “
294 4360 496 4441 Augustinus
517 4359 586 4440 ipse
608 4359 715 4441 palam
749 4358 964 4440 improbasset
992 4359 1156 4424 seniorum
1186 4358 1268 4422 elec-
1320 4363 1501 4445 probatum,
1524 4363 1634 4446 itaque
1659 4363 1872 4428 Valeraudum
1894 4362 2105 4428 absolvimus.

294 4445 428 4522 tionem,
451 4453 485 4507 et
507 4465 606 4527 quum
629 4445 775 4527 privatus
797 4454 883 4508 esset
904 4465 969 4508 non
998 4442 1133 4508 haberet
1153 4445 1187 4507 in
1210 4463 1269 4508 suo
1406 4447 1445 4511 In
1458 4456 1574 4530 quarto
1592 4458 1626 4513 et
1644 4448 1777 4527 decimo,
1796 4449 1851 4515 ubi
1872 4449 2047 4515 Vauracdo
2065 4452 2289 4532 exprobratur,

296 4528 432 4594 arbitrio
459 4539 589 4594 mutare
618 4530 669 4594 vel
697 4527 890 4593 labefactare
919 4529 1086 4611 publicum
1112 4529 1269 4606 ordinem,
1321 4533 1466 4598 noluisse
1488 4554 1564 4598 eum
1580 4536 1782 4617 acquiescere
1802 4536 1837 4598 in
1861 4534 1990 4599 illorum
2025 4543 2095 4600 octo
2122 4536 2290 4601 hominum

295 4622 374 4677 tunc
396 4621 505 4677 autem
525 4613 612 4697 quod
633 4637 652 4680 a
670 4615 789 4699 populo
804 4615 926 4679 factum
944 4615 1052 4680 fuerat
1069 4615 1271 4681 recusaverit
1321 4619 1455 4685 arbitrio
1476 4639 1585 4684 coram
1606 4621 1723 4703 quibus
1745 4621 1960 4702 disceptatum
1988 4620 2104 4698 fuerat,
2139 4623 2217 4703 quia
2237 4645 2290 4687 ex·

297 4717 358 4763 suo
383 4698 540 4782 suffragio
564 4701 700 4799 probare
734 4701 785 4766 vel
816 4701 851 4764 in
885 4720 923 4765 eo
955 4701 1168 4784 acquiescere,
1202 4720 1269 4765 non
1321 4706 1401 4789 cipit
1425 4704 1625 4771 Valercudus
1645 4729 1680 4771 sc
1707 4705 1781 4772 illos
1804 4726 1973 4789 nunquam
2002 4706 2117 4771 tulisse
2145 4706 2290 4782 arbitros,

296 4783 397 4848 fuisse
419 4783 539 4849 factam
561 4785 610 4850 rili
632 4786 786 4852 iniuriam
807 4787 841 4849 in
864 4785 1003 4868 repulsa.
1320 4810 1427 4873 noque
1449 4791 1549 4855 etiam
1572 4790 1613 4856 de
1634 4792 1704 4856 eius
1725 4812 1886 4857 consensu
1904 4793 1996 4857 nobis
2017 4792 2098 4857 fides
2120 4791 2209 4859 facta
2229 4802 2289 4858 est:

1320 4879 1355 4942 in
1377 4897 1415 4942 eo
1437 4877 1566 4961 culpam
1587 4877 1715 4942 nullam
1740 4885 1852 4943 nostro
1873 4876 1995 4943 iudicio
2016 4879 2190 4959 contraxit,
2219 4878 2293 4963 quia

401 5021 430 5089 6)
448 5021 522 5077 ΜΟ
538 5024 574 5078 ct
590 5023 671 5079 im
682 5023 816 5080 ΡΟΟΟΟΟΟ
832 5038 861 5079 u
869 5023 963 5079 dm
970 5024 1270 5094 ΜΟΟΟΜΟΜ
1319 4962 1469 5028 liberum·
1486 4971 1556 5030 erat
1584 4984 1697 5030 eorum
1725 4964 1907 5030 sententiae
1932 4985 1997 5030 non
2027 4985 2158 5048 parere,
2195 4984 2291 5050 quum

297 5089 419 5172 gagg,
437 5095 464 5146 ,g
480 5106 542 5146 gg„
558 5094 695 5150 ΜΝ
710 5094 989 5175 ‘mmmm
1004 5099 1173 5150 uagam
1188 5096 1271 5176 ΟΟΟΟΟ.
1321 5048 1424 5199 nulleI
1434 5060 1503 5114 erat
1516 5049 1705 5149 submissio.
1722 5136 1729 5151 Ο
1870 5136 1876 5149 ι

298 5159 426 5216 uacuae
442 5168 535 5230 captu
582 5161 699 5219 Preger
713 5163 791 5218 ‚aaa
807 5164 1004 5219 ammaum
1019 5164 1063 5220 ιο,
1078 5164 1229 5220 umam
1244 5169 1271 5221 ,g
1426 5157 1447 5199 n
1470 5144 1585 5217 qumto
1606 5144 1639 5200 et
1661 5133 1800 5212 decimo,
1823 5135 1878 5201 ub1
1901 5143 2072 5202 accusatur
2100 5135 2294 5202 Valcruudus

299 5228 522 5286 assecurare
537 5231 670 5301 Hispani.
708 5231 772 5288 ecc.
790 5231 918 5302 Meupce
934 5232 1124 5304 ludimagister
1140 5238 1210 5290 eat.
1322 5218 1406 5304 quod
1440 5240 1548 5285 coram
1582 5222 1701 5305 populo
1738 5219 1860 5288 dixerit
1891 5222 2108 5306 Augustiuum
2140 5223 2294 5288 simulare
