4778 5888
1011 314 1091 376 1556
1112 311 1207 379 IUN.
2045 320 2106 383 186

551 498 649 570 alte.
1219 501 1272 566 De
1298 500 1561 585 peregrinatione
1588 522 1685 584 porro
1712 502 1815 585 ipsius
1835 501 1878 567 D.
1899 522 1921 568 a
1942 502 2044 570 Laeco
2064 503 2107 570 ad

1134 586 1300 669 principes
1317 585 1398 651 haec
1415 596 1493 652 sunt
1511 608 1595 669 quae
1612 588 1776 671 exipsius
1793 608 1851 654 ere
1867 587 1996 656 audisse
2013 610 2106 672 prae·

351 668 600 737 POLLANUS
619 667 836 736 OALVINO.
1135 675 1230 754 cipua
1260 672 1475 738 commemini.
1523 673 1691 754 Principio
1722 672 1839 757 Spirae
1871 673 1935 738 fuit
1946 673 1976 758 ⁴)
2009 696 2107 758 quam

1135 757 1364 823 honestissime
1393 764 1426 823 et
1457 757 1681 823 amantissime
1706 757 1748 822 ab
1774 769 1912 842 utroque
1939 769 2105 842 exceptus,

198 841 277 925 Ape
292 842 461 924 praecipue
480 842 519 907 dc
539 840 632 907 rebus
649 839 688 908 ab
700 840 820 906 Ioanne
841 840 975 908 aLascc
996 844 1083 925 apud
1134 852 1232 926 atque
1254 844 1288 907 in
1306 844 1479 925 'utriusque
1491 864 1605 908 mensa
1623 843 1663 908 de
1680 846 1903 910 controversia
1924 865 2108 911 sacremen-

105 928 271 1010 principes
300 928 398 1011 pesas
427 929 523 1008 cepe
553 928 622 992 aas
659 926 806 1008 colloquio
838 947 908 992 cum
941 927 1082 993 Brentic.
1135 929 1218 992 teria
1251 927 1298 995 sio
1330 940 1439 994 aetum
1472 936 1510 993 ut
1542 929 1663 995 elector
1697 927 1867 995 Palatinus
1880 933 1909 1012 ὗ)
1943 940 2030 995 totus
2062 932 2106 996 sit

113 1012 302 1096 Poatscripti
334 1014 399 1078 loco
430 1014 556 1078 ceadual
587 1032 638 1078 res
661 1010 810 1077 Pclcaice
839 1012 1082 1095 etFraucofar-
1135 1023 1273 1080 nostras.
1313 1015 1360 1079 Et
1388 1014 1417 1079 is
1444 1014 1543 1079 habet
1572 1015 1723 1080 comitem
1752 1015 1792 1080 ab
1814 1015 1943 1081 Erbccl
1964 1017 2019 1097 qui
2041 1017 2106 1081 for-

110 1098 248 1188 dicpaca,
277 1097 333 1163 abi
353 1100 453 1165 denae
473 1118 551 1178 opas
572 1097 660 1165 lebet
680 1097 802 1163 sibimet
821 1099 887 1181 ipsi
907 1099 1083 1183 cpolcpicm
1135 1099 1260 1163 tissime
1286 1099 1461 1164 veritatem
1491 1108 1610 1165 tuetur.
1654 1100 1731 1183 Ipse
1759 1122 1835 1166 vero
1864 1100 1931 1165 dux
1960 1100 2106 1168 Wirtem-
2167 1131 2175 1146 .

110 1185 304 1251 malbec.
1135 1185 1291 1268 bcrpcasa'e
1312 1185 1462 1268 quisnam
1485 1193 1572 1251 esset
1592 1183 1686 1252 facile
1708 1194 1778 1251 tute
1800 1185 1965 1270 intelligis.
2009 1189 2105 1252 Atta-

1135 1292 1210 1336 men
1233 1270 1494 1335 benevolentiam
1517 1292 1679 1336 summam
1702 1270 1890 1337 declarabat
1911 1286 1944 1336 et
1965 1271 2106 1339 libenter

270 1356 328 1422 (ux
345 1356 513 1426 anmfflpho
529 1355 593 1410 ⁰0⁶·
612 1355 693 1410 Goth.
711 1351 772 1420 Μ
789 1355 836 1409 fol.
854 1352 928 1420 765.)
1136 1356 1289 1422 audiebat
1309 1357 1352 1421 D.
1369 1377 1391 1421 a
1409 1355 1518 1421 Lusco.
1551 1357 1624 1421 Imo
1646 1378 1747 1440 quum
1765 1357 1832 1422 iam
1853 1357 1975 1423 moturi
1996 1369 2106 1424 essent

1136 1440 1237 1524 Spita
1258 1451 1291 1506 et
1311 1441 1354 1506 D.
1377 1464 1399 1506 o
1420 1441 1520 1507 Lusco
1542 1443 1607 1507 iam
1625 1443 1790 1509 accinctus
1809 1443 1918 1507 itineri
1941 1451 2027 1509 esset
2048 1443 2105 1510 do-

198 1527 485 1592 Praestantissimo
498 1525 650 1609 theologo
661 1526 703 1590 D.
716 1525 763 1591 Io.
775 1525 914 1593 Calvino
925 1528 1083 1611 magistro
1135 1549 1229 1592 mum
1250 1548 1376 1604 versus,
1398 1527 1468 1609 ipse
1490 1528 1557 1591 dux
1578 1528 1673 1592 illum
1696 1527 1737 1591 ad
1759 1550 1794 1593 se
1816 1539 1910 1593 vocat
1931 1549 2105 1612 secumque

111 1632 150 1679 ec
171 1613 258 1696 patri
277 1612 312 1677 in
334 1612 469 1678 Ohristo
490 1610 725 1678 colendissimo.
1136 1614 1225 1678 duait
1247 1612 1484 1679 Stoclrardiem.
1518 1613 1570 1678 Ibi
1593 1615 1634 1677 D.
1657 1635 1678 1676 a
1696 1614 1798 1680 Lusco
1819 1636 1893 1679 cum
1916 1617 1985 1697 ipso
2004 1614 2104 1681 Brea·

833 1697 997 1764 Genevae.
1134 1700 1186 1775 tio,
1203 1700 1358 1782 privatim
1376 1700 1526 1781 primum,
1548 1697 1666 1762 deinde
1682 1699 1814 1764 iubente
1826 1700 1907 1765 duce
1918 1710 2106 1783 postunum

1135 1792 1233 1867 atque
1255 1785 1394 1850 alterum
1412 1784 1498 1849 diem
1517 1805 1591 1848 eum
1609 1783 1722 1849 eodem
1735 1783 1864 1849 Boeotio
1884 1793 1918 1850 et
1938 1786 2011 1849 aliis
2028 1807 2104 1851 oon·

198 1868 234 1937 S.
256 1870 295 1935 P.
331 1867 479 1935 Tandem
501 1867 599 1933 rediit
620 1878 732 1934 noster
751 1866 866 1934 Petrae
883 1868 1042 1934 Antonius
1058 1872 1083 1944 ¹)
1134 1871 1353 1935 oiouatoribus
1370 1871 1405 1934 in
1423 1870 1616 1935 cancellaria
1634 1889 1742 1934 coram
1761 1870 1956 1936 consiliariis
1967 1869 2066 1949 ducis,
2077 1875 2105 1954 ο)

110 1956 303 2033 ePolonia‚
333 1975 420 2020 neno
442 1953 495 2018 die
516 1962 689 2037 postquam
710 1954 752 2018 D.
776 1975 797 2018 a
819 1955 919 2019 Lusco
942 1955 1083 2020 redierat
1134 1957 1191 2039 qui
1223 1955 1397 2039 diligenter
1430 1956 1608 2020 annotabat
1639 1956 1769 2037 scriptis
1801 1956 1870 2021 eius
1905 1955 2004 2034 dicta,
2038 1978 2106 2022 non

110 2040 359 2126 aprincipibus,
378 2041 517 2106 electore
531 2038 816 2105 Polctincetduco
835 2039 1081 2124 Wirteberpeasi.
1134 2051 1246 2106 autem
1257 2040 1392 2107 Breatii.
1424 2040 1527 2118 (Illud
1543 2045 1568 2121 ⁷)
1591 2040 1631 2104 de
1645 2041 1776 2106 Brentic
1797 2062 1861 2106 non
1881 2042 1941 2105 fuit
1964 2052 2122 2125 praeter-7

110 2126 201 2208 Quid
223 2127 278 2192 ille
301 2149 341 2191 ex
364 2126 502 2193 Polonia
523 2126 672 2192 attulerit
695 2125 861 2209 intelliges
883 2147 924 2190 ex
946 2127 1016 2208 ipso
1039 2128 1081 2191 D.
1134 2126 1288 2193 eundum.
1332 2125 1532 2209 Quanquam
1560 2126 1608 2190 illi
1638 2126 1787 2208 displicet
1808 2134 1919 2191 nostra
1948 2127 2104 2207 doctrina,

111 2235 134 2278 c
155 2213 255 2280 Iaacc
276 2214 310 2277 in
332 2212 434 2289 brevi,
459 2233 560 2294 quum
582 2211 745 2276 Dominus
766 2211 814 2275 illi
837 2232 930 2276 suam
952 2211 1082 2276 veletu-
1134 2233 1203 2276 non
1224 2213 1331 2295 placet
1359 2224 1486 2290 tamem
1516 2214 1582 2276 imo
1609 2211 1741 2276 damnat
1769 2213 1870 2276 etiam
1891 2212 1994 2296 Regis
2015 2212 2106 2280 Daui

111 2298 229 2364 (linem¹
251 2298 442 2364 restituerit.
487 2298 541 2364 Ex
562 2318 626 2379 quo
649 2298 737 2361 enim
759 2296 824 2361 hnc
845 2297 974 2380 appulit
1002 2319 1082 2380 pen·
1134 2300 1256 2364 factum
1285 2311 1319 2364 et
1346 2301 1503 2381 scriptam
1534 2298 1734 2381 farraginem
1762 2306 1860 2379 atque
1888 2297 1968 2362 adeo
2006 2297 2104 2364 Wesc

107 2384 227 2449 ultima
248 2383 330 2449 Maii
357 2383 501 2449 luctatus
530 2392 580 2448 est
612 2403 686 2447 cum
714 2383 856 2447 tertiana
885 2383 1081 2463 acutissime,
1128 2384 1223 2464 pbalc'
1256 2391 1290 2449 et
1320 2385 1509 2450 concionem
1542 2383 1699 2448 rusticam
1732 2382 1789 2447 sed
1823 2383 1940 2448 duram
1975 2385 2011 2447 in
2043 2384 2105 2450 hos

109 2490 194 2553 quae
216 2479 326 2534 tamen
349 2489 437 2534 nunc
459 2477 510 2533 est
538 2470 572 2532 in
603 2467 837 2545 declinatione,
871 2469 977 2553 gratia
999 2470 1081 2534 Deo.
1134 2470 1281 2535 habitam
1315 2491 1372 2552 per
1404 2471 1541 2535 Petrum
1576 2468 1799 2543 aulanam.)
1842 2467 1910 2533 Sed
1943 2490 2105 2534 summam

108 2555 182 2622 Hoc
215 2564 345 2620 tantum
373 2552 413 2618 de
443 2554 531 2618 Petri
563 2554 725 2637 legatione
753 2554 840 2618 felici
873 2563 907 2618 et
939 2554 1082 2620 secunda
1133 2555 1222 2620 illius
1244 2555 1394 2638 colloquii
1417 2570 1450 2621 et
1471 2563 1617 2619 actorum
1634 2553 1677 2618 D.
1696 2574 1717 2617 a
1735 2553 1836 2620 Lusco
1853 2554 1939 2636 apud
1960 2554 2104 2620 Wrtem·

108 2641 206 2705 hodie
227 2641 392 2705 intellexi:
421 2639 548 2723 Regem
577 2637 751 2704 admodum
781 2660 852 2705 esse
882 2661 1080 2722 propensum
1133 2641 1305 2724 berpeuaem
1327 2639 1542 2707 Stockardiae
1571 2640 1692 2722 poteris
1714 2661 1755 2704 ex
1777 2639 1829 2704 his
1858 2642 1987 2722 seriptis
2009 2641 2106 2705 intel·

109 2737 143 2791 et
162 2726 357 2791 benevolum
379 2747 458 2810 erga
478 2726 587 2808 ipsum
609 2724 651 2790 D.
675 2747 696 2788 a
718 2725 827 2790 Loaco.
861 2725 939 2789 Vidi
962 2735 994 2789 et
1015 2726 1082 2810 legi
1133 2727 1245 2811 ligere,
1268 2748 1350 2808 quae
1371 2728 1450 2791 iussi
1470 2724 1608 2791 describi
1630 2727 1665 2789 in
1688 2734 1778 2789 tuam
1797 2727 1936 2808 gratiam
1955 2748 1996 2790 ex
2017 2725 2106 2792 sche-

107 2812 221 2879 literas
240 2813 348 2896 regias
369 2811 484 2895 plenas
506 2811 587 2877 certi
609 2811 729 2876 amoris
751 2831 830 2894 erga
851 2812 968 2892 ipsum.
1005 2812 1082 2894 lpse
1134 2812 1185 2878 dis
1206 2813 1287 2895 ipsis
1309 2833 1390 2894 quas
1413 2810 1512 2875 habet
1533 2812 1575 2875 D.
1598 2832 1618 2875 a
1641 2810 1750 2888 Lusco,
1780 2812 1873 2876 cuius
1895 2812 1994 2876 etiam
2016 2813 2107 2878 iussu

109 2896 322 2962 cancellarius
343 2918 469 2980 quoque
492 2905 698 2979 peramanter
720 2895 871 2961 etmulti
894 2896 1016 2961 nobiles
1039 2897 1080 2961 ad
1134 2899 1215 2965 haec
1237 2899 1296 2963 tibi
1317 2899 1421 2962 mitto.
1467 2894 1533 2977 Qui
1555 2897 1733 2979 plurimum
1757 2906 1789 2961 te
1809 2897 1938 2974 salutm,
1967 2899 2107 2979 scriptu·

108 2983 217 3066 ipsum
244 2983 412 3066 scripsere.
456 2982 644 3047 Hortantur
670 2982 827 3065 plerique,
858 2982 926 3046 fere
957 3003 1080 3061 omnes,
1132 3007 1189 3050 rus
1212 2985 1246 3048 ni
1268 2983 1403 3048 morbus
1424 2982 1478 3047 hie
1500 2981 1688 3047 obstitisset.

108 3078 147 3133 nt
168 3070 203 3133 in
226 3069 363 3151 patriam
383 3067 504 3133 redeat
548 3067 632 3132 Nam
655 3076 735 3132 sunt
755 3066 800 3132 ibi
822 3069 887 3132 iam
911 3068 1081 3133 institutae
1219 3068 1318 3151 Quod
1340 3068 1534 3150 colloquium
1556 3070 1684 3146 attinet,
1713 3069 1807 3134 cuius
1828 3068 1960 3133 nomine
1981 3069 2105 3151 proiec-

109 3154 264 3221 ecclesiae
286 3176 387 3237 supra
409 3154 536 3237 viginti.
571 3152 670 3218 Solus
688 3153 762 3217 Rex
784 3174 851 3217 non
874 3161 978 3218 vocat.
1013 3152 1081 3218 Sed
1133 3157 1256 3220 tionem
1279 3155 1364 3220 hane
1383 3155 1426 3220 D.
1450 3175 1471 3218 a
1493 3153 1593 3221 Lusco
1615 3161 1811 3237 susceperat,
1835 3156 1880 3220 sic
1902 3154 2001 3219 habe:
2024 3155 2105 3220 Dux

109 3240 324 3306 cancellarius
344 3240 407 3305 hoc
429 3241 497 3304 suis
518 3239 624 3303 literis
646 3245 791 3315 excusat,
819 3239 1008 3322 significans
1030 3247 1080 3303 at·
1140 3241 1427 3323 Wirtembcrpeasia
1449 3260 1516 3303 non
1534 3238 1632 3304 audet
1653 3260 1688 3304 se
1706 3249 1852 3304 autorem
1871 3239 2024 3322 polliceri,
2048 3240 2105 3305 sed

109 3333 221 3391 tamen
254 3324 431 3390 adventum
464 3326 532 3390 iore
564 3332 711 3408 gratnm,
750 3323 868 3389 deinde
901 3324 1014 3388 utilem
1044 3346 1082 3389 ac
1132 3334 1244 3391 tameat
1266 3347 1435 3393 assensum
1464 3326 1500 3389 in
1521 3325 1673 3390 omnibus
1695 3334 1728 3389 et
1749 3325 1909 3389 auxilium
1931 3325 2102 3407 promittit,

109 3413 339 3491 necessarium,
368 3411 397 3476 si
419 3410 586 3476 accederet
607 3417 685 3475 ante
707 3410 838 3476 comitia
858 3411 967 3494 regni,
999 3431 1080 3493 quae
1133 3414 1161 3477 si
1191 3413 1274 3494 qui*
1302 3409 1521 3495 aggrediatur.
1565 3410 1641 3492 lpse
1666 3410 1834 3475 Pantanus
1860 3411 1979 3476 elector
2007 3411 2043 3474 in
2069 3434 2104 3478 se

110 3497 170 3562 sub
193 3499 294 3563 finem
317 3497 462 3580 Augusti
483 3495 635 3562 habenda
662 3505 740 3560 sunt
761 3517 819 3578 pro
848 3495 1015 3578 religione,
1045 3497 1080 3560 in
1132 3499 1257 3580 recepit
1288 3488 1533 3580 proponendum
1569 3498 1606 3559 in
1638 3496 1777 3560 comitiis
1808 3496 2103 3578 Ratisponensibus

109 3583 228 3666 quibus
255 3581 360 3647 aderit
388 3583 516 3667 legatus
538 3583 749 3665 pontificis.²)
792 3582 845 3644 Ait
869 3581 1080 3647 cancellarius
1133 3604 1216 3666 quae
1237 3585 1304 3647 iam
1325 3592 1402 3647 sunt
1424 3598 1545 3664 coepta.
1591 3581 1637 3645 Et
1665 3603 1729 3663 quo
1758 3602 1810 3646 res
1834 3581 1969 3646 meliore
1997 3583 2103 3648 colore

110 3669 150 3733 ob
183 3668 268 3732 hanc
299 3688 432 3733 causam
465 3668 578 3733 utilius
610 3667 680 3732 fore
708 3668 738 3732 si
765 3668 806 3731 D.
830 3687 851 3730 a
876 3667 976 3731 Lacca
1004 3676 1080 3731 ente
1132 3671 1235 3752 possit
1256 3670 1393 3747 institui,
1418 3669 1551 3733 comites
1574 3667 1699 3749 aliquot
1720 3676 1798 3732 sunt
1819 3665 1852 3730 id
1874 3668 1915 3733 ab
1937 3668 2008 3749 ipso
2030 3689 2103 3750 pos·

110 3755 241 3820 comitia
269 3754 346 3819 illuc
367 3755 634 3836 proficisceretur.
678 3752 732 3817 Ita
761 3751 912 3817 videmus
940 3775 1080 3836 regnum
1133 3755 1279 3832 tulaturi,
1309 3765 1407 3836 atque
1429 3752 1515 3818 idem
1538 3754 1608 3835 ipse
1634 3754 1669 3816 in
1691 3753 1831 3818 comitiis
1853 3774 1966 3817 eorum
1989 3762 2022 3817 et
2044 3774 2104 3835 pu·

109 3840 192 3905 illud
224 3841 318 3923 quasi
351 3850 496 3922 paratam
528 3861 668 3905 messem
700 3838 828 3903 hebere.
878 3838 970 3902 Haec
1004 3848 1082 3902 sunt
1132 3839 1216 3906 blico
1238 3841 1377 3904 nomine.
1415 3839 1641 3903 Caneellarius
1661 3839 1731 3922 ipse
1753 3839 1992 3921 impensissime
2014 3839 2104 3904 favet

110 3927 286 4010 praecipua
314 3946 396 4009 quae
423 3926 514 4008 potui
541 3947 583 3989 ex
610 3924 762 3989 omnibus
790 3932 824 3988 te
846 3922 946 4007 digna
966 3926 1081 3988 memi-
1133 3926 1210 3990 huie
1232 3946 1356 4001 causae,
1385 3937 1418 3989 et
1440 3925 1596 4007 privatim
1617 3945 1749 4006 operam
1772 3945 1864 3988 suam
1887 3924 2038 4006 promisit
2059 3925 2102 3990 D.

109 4013 213 4091 nisse,
254 4032 440 4095 quanquam
473 4010 619 4075 nondum
651 4010 761 4076 omnia
795 4009 952 4074 intellexi.
997 4010 1080 4074 Heri
1132 4033 1154 4076 a
1176 4012 1285 4076 Lusco.
1329 4011 1384 4075 Ex
1405 4010 1458 4074 his
1478 4030 1632 4093 magnam
1655 4030 1745 4091 spem
1768 4009 1977 4092 concipimus.
2022 4009 2103 4072 Nar·

130 4101 252 4163 rimum
273 4098 333 4162 sub
355 4107 449 4162 nocte
476 4095 575 4161 rediit
596 4097 767 4173 Antonius,
797 4095 853 4178 qui
881 4094 977 4159 hodie
1003 4117 1080 4160 suas
1133 4098 1220 4162 ravit
1252 4107 1284 4161 et
1313 4095 1428 4161 Petras
1455 4096 1616 4161 Antoniae
1648 4095 1810 4160 audivisse
1842 4093 1884 4160 D.
1918 4093 2103 4176 Philippum

110 4119 220 4249 iteras
242 4182 373 4247 domino
395 4181 544 4247 reddidit.
1132 4181 1402 4265 Wittembergae,
1433 4186 1543 4263 quae'
1564 4181 1610 4246 ibi
1637 4181 1767 4246 rediens
1794 4180 1959 4256 salutavit,
1992 4179 2102 4244 delen·

193 4268 349 4334 Intellexi
367 4290 408 4332 ex
428 4267 519 4333 Petro
537 4267 659 4333 vidisse
680 4268 787 4349 ipsum
809 4267 922 4331 literas
943 4265 1080 4347 scriptas
1133 4269 1265 4334 dentem
1297 4276 1444 4332 nostram
1477 4266 1658 4331 doctrinam
1693 4265 1732 4330 de
1771 4265 1976 4330 eucharistia.
2030 4264 2102 4330 Imo

111 4356 149 4421 ab
178 4353 330 4431 ecelesia,
364 4354 482 4437 quibus
515 4362 547 4418 te
574 4361 671 4418 vocat
699 4360 737 4416 ut
769 4365 826 4417 tuo
859 4351 993 4418 consilio
1022 4351 1080 4414 ad·
1132 4354 1211 4420 illue
1243 4354 1371 4418 venisse
1412 4352 1627 4434 Weatplulam
1659 4360 1697 4415 ut
1735 4352 1876 4434 insignia
1915 4348 2102 4417 doctoratus

109 4440 210 4506 iuves.
223 4439 251 4525 ³)
293 4440 337 4504 D.
360 4461 381 4504 a
403 4439 502 4504 Lusco
535 4438 594 4504 tibi
622 4439 819 4523 significabit
848 4448 978 4519 tempus
1010 4435 1080 4500 ido·
1132 4441 1299 4521 acciperet,
1323 4459 1439 4504 verum
1460 4440 1616 4503 reiectum
1637 4438 1677 4502 ab
1699 4437 1872 4514 academia,
1896 4432 1979 4518 quod
2002 4435 2103 4500 nollet

110 4547 217 4591 neum.
261 4524 337 4607 Ipse
370 4526 458 4590 enim
490 4526 556 4589 iam
589 4525 759 4591 constituit
789 4546 826 4589 eo
859 4523 1019 4606 proficisci
1052 4523 1079 4586 si
1131 4525 1193 4591 hoo
1215 4535 1359 4605 tempore
1382 4522 1529 4588 doctores
1552 4524 1700 4588 homines
1723 4522 1937 4587 turbulentos.
1981 4521 2099 4599 (Hice

110 4609 273 4676 Dominus
295 4611 392 4675 volet.
437 4611 479 4674 D.
503 4611 712 4676 Lismaaiaus
731 4610 790 4674 tibi
813 4620 909 4674 notus
930 4629 1000 4673 rem
1023 4606 1080 4671 ad·
1140 4610 1336 4691 Westpbaluc
1365 4630 1453 4673 nunc
1486 4611 1605 4691 ubique
1637 4630 1714 4674 suos
1746 4608 1847 4672 libros
1880 4606 2039 4689 recolligit
2067 4615 2102 4671 et

111 4697 243 4763 modum
266 4707 360 4781 urget
383 4717 458 4761 cum
480 4705 549 4761 tota
570 4696 747 4762 nobilitate.
1132 4718 1226 4761 suem
1246 4694 1465 4760 defensionem
1484 4715 1617 4777 quoquc.
1651 4694 1705 4758 Ita
1722 4694 1803 4757 mihi
1822 4694 1970 4757 narravit
1989 4692 2101 4756 Petras

1133 4783 1292 4847 Antonias
1309 4780 1437 4845 audisse
1456 4801 1497 4844 ex
1507 4781 1732 4863 Lipsiensibus
1750 4778 1954 4862 bibliopolis.)
1988 4778 2100 4861 Ipsum

110 4954 239 5019 aetat)
256 4954 326 5010 aas
344 4951 599 5017 Francofurdeueie
621 4950 670 5021 qui
687 4950 778 5004 Lacca
801 4949 876 5004 altra
893 4949 1081 5017 quadruplata

110 5024 201 5080 literas
214 5037 361 5093 procerum
378 5030 404 5076 ct
420 5023 606 5075 ministrorum
624 5020 724 5074 adtulit
740 5019 838 5088 quibua
854 5033 913 5070 eum
932 5024 962 5070 at
978 5017 1081 5073 rediret
1235 5022 1265 5081 ct
1284 5020 1324 5075 N.
1342 5017 1419 5072 2465.

110 5095 137 5146 in
151 5096 277 5163 petriam
295 5094 374 5173 enixe
390 5091 533 5171 repebant.
567 5089 708 5155 (Bertram
722 5104 752 5157 p.
768 5086 828 5140 400.
855 5085 970 5139 Lahiru.
990 5085 1044 5151 64.)
1234 5089 1265 5153 5)
1287 5089 1349 5143 Otto
1366 5089 1511 5168 chfieus.
1535 5157 1541 5168 ι

209 5162 240 5297 til
258 5162 305 5297 iifl
316 5161 511 5297 liiiiofflnieq.
552 5227 647 5282 Totum
663 5225 714 5282 bea
730 5239 833 5281 comma
850 5225 880 5278 ia
897 5224 1027 5292 marpiae.
1232 5158 1262 5293 ill
1281 5157 1392 5280 leidigin
1407 5157 1563 5294 inimiici&
