4778 5888
282 325 345 390 575
738 380 740 385 ,
1037 317 1298 387 armoenia
1320 269 1530 383 7575-7577
1918 282 1922 297 ’
2219 322 2283 385 575

280 514 356 589 vix,
387 533 446 578 eeu
474 511 590 577 7175777
620 508 770 589 cadaver,
799 510 942 575 trahens.
978 507 1132 572 Filiolam
1162 526 1257 589 55775
1309 507 1345 570 15
1376 527 1471 588 quem
1501 509 1611 573 nescio
1639 508 1710 590 quis
1738 510 1889 574 invectus
1911 529 1981 574 esse
2009 508 2114 572 fertur
2135 507 2286 571 7771777777

285 599 420 664 unicam
441 596 540 662 nobili
568 595 697 666 cuidam
725 592 874 661 dominae
897 593 1097 660 educandam
1126 594 1258 658 interim
1309 597 1360 655 751
1381 596 1561 674 pompatior
1579 592 1631 672 7717
1648 592 1821 673 ἀλαζονείαν
1842 596 1919 659 5571
1942 593 2139 658 Iesuitarum
2163 614 2285 676 cogno·

286 684 425 763 credidi,
453 681 640 766 propediem
669 683 806 746 fortasse
834 679 967 763 8517575
995 679 1256 752 transmissurus.
1282 703 1285 772 l
1310 679 1422 755 minis,
1460 688 1494 742 et
1525 679 1667 744 Iesuitas
1700 681 1886 763 germaniae
1919 678 2024 744 diviso
2056 679 2215 743 vocabulo
2248 681 2286 743 in

283 769 338 834 Ibi
360 769 448 834 enim
470 770 538 851 agit
560 767 752 832 advocatum
775 787 868 831 777555
897 764 1000 830 frater
1022 763 1063 828 D.
1088 762 1259 827 Chilianus
1311 763 1392 828 duas
1421 764 1578 830 dictiones
1609 763 1700 851 [15577
1728 763 1890 851 7771715751)
1920 765 2142 830 Antichristos
2177 765 2285 829 inter·

292 855 460 935 8177551775,
490 873 625 917 77757575
655 852 778 916 17517555
810 851 889 916 51157
919 849 1072 933 575515551
1101 848 1258 913 Werthe·
1309 858 1467 931 pretatus,
1497 861 1667 933 praeterea
1691 850 1815 915 Occisit‘
1836 871 1954 915 nomon
1984 850 2025 914 51
2054 870 2151 915 55555
2173 849 2286 914 detor·

285 941 410 1004 mensis
432 939 547 1016 filiam,
573 937 786 1022 5575751515
814 956 980 1020 gynaeceo
1002 934 1182 1016 5155111155
1205 955 1257 1000 oo·
1310 956 1422 1016 quens.
1467 937 1520 1000 Ex
1544 936 1642 1002 huius
1664 957 1790 1019 quoque
1812 935 1912 1001 libelli
1935 936 2030 1012 calce,
2061 937 2090 1000 si
2113 935 2286 1019 perlegere

284 1026 431 1089 mitissae
451 1023 572 1089 711555
594 1025 786 1087 institutam.
824 1027 854 1086 A
872 1044 936 1105 qua
954 1041 1071 1095 755755,
1094 1028 1131 1083 55
1153 1040 1257 1102 55575,
1309 1042 1375 1084 555
1392 1022 1543 1103 piguerit,
1567 1022 1806 1088 animadvertes
1824 1042 1920 1103 quam
1940 1022 2022 1086 uber
2040 1021 2138 1085 huius
2161 1024 2286 1104 segetis

285 1113 390 1175 bonos
420 1130 493 1174 577777
523 1109 643 1191 pietate
671 1108 781 1172 discet.
818 1105 988 1189 Siquidem
1016 1105 1117 1169 bonas
1146 1105 1258 1167 literas
1309 1114 1488 1188 proventus
1510 1106 1601 1172 brevi
1625 1107 1704 1172 adeo
1726 1117 1871 1189 tempore
1893 1106 2012 1189 ubique
2039 1119 2203 1170 terrarum
2227 1127 2285 1170 ex-

286 1193 393 1261 doceri
416 1193 581 1260 commode
599 1195 721 1275 nequit,
743 1191 778 1256 id
795 1192 880 1275 quod
898 1193 995 1256 7777155
1016 1211 1145 1273 semper
1162 1211 1258 1255 curae
1309 1193 1458 1256 creverit.
1500 1194 1689 1257 Patefactus
1711 1202 1819 1257 555557
1843 1193 1919 1257 17515
1947 1212 2081 1274 5557555
2109 1201 2159 1257 555
2181 1193 2286 1257 551575

287 1281 351 1345 1515
373 1280 479 1344 575571.
515 1280 560 1343 Et
581 1279 706 1345 iactum
728 1299 806 1344 sane
829 1280 893 1343 1557
917 1286 987 1342 5755
1009 1276 1140 1358 aliquod
1163 1277 1198 1338 in
1221 1296 1259 1339 55
1309 1275 1503 1359 Ingolstadii
1515 1283 1541 1351 1)
1565 1301 1584 1342 a
1606 1280 1776 1343 Baioariae
1797 1278 1888 1355 duce,
1917 1278 2067 1342 similiter
2089 1278 2242 1341 Viennae
2265 1300 2287 1342 a

284 1366 419 1449 linguae
442 1366 561 1429 latinae
590 1366 837 1429 fundamentum
861 1386 880 1428 a
903 1363 1089 1428 deotissime
1111 1361 1258 1444 viragine
1310 1363 1511 1428 Ferdc‘rruadc
1529 1385 1614 1447 rege.
1629 1365 1654 1442 7)
1689 1365 1812 1428 Mirum
1831 1366 1865 1427 ni
1889 1365 1985 1427 etiam
2004 1363 2283 1446 apudHelvetios.

291 1451 437 1534 Olympia
460 1450 604 1527 11157515,
618 1455 644 1526 ¹)
672 1472 754 1532 quae
783 1449 895 1514 itidem
925 1457 961 1513 ut
987 1468 1045 1511 nos
1075 1467 1115 1510 ex
1138 1447 1257 1511 Ferra—
1308 1446 1395 1511 Ἀλλᾰ
1411 1452 1502 1510 ταῦτα
1518 1455 1572 1528 μὲν
1588 1452 1690 1512 ταῦτα.
2050 1481 2058 1491 ·

286 1539 394 1601 715555
416 1556 579 1620 gynaeceo
601 1557 676 1600 eum
689 1536 822 1600 Andrea
841 1535 1008 1599 Gruatloro
1030 1533 1164 1609 medico,
1188 1554 1283 1615 575(
1394 1535 1513 1599 Restat
1541 1546 1580 1600 ut
1598 1557 1651 1599 7775
1680 1544 1713 1599 55
1743 1555 1818 1599 5575
1848 1535 1904 1616 551
1938 1535 1997 1599 1755
2027 1533 2067 1598 51
2098 1544 2130 1598 55
2159 1536 2286 1616 perfert

286 1624 349 1686 rito
381 1643 448 1697 suo,
483 1622 515 1685 in
547 1621 758 1686 Germaniam
792 1619 936 1703 profecta
964 1616 1131 1683 Suinfordi
1162 1627 1258 1698 (5555
1281 1617 1284 1697 l
1309 1619 1504 1684 humanitati
1527 1629 1602 1684 tuae
1620 1622 1719 1685 etiam
1737 1632 1834 1702 atque
1856 1621 1953 1684 etiam
1977 1619 2212 1684 commendem.
2249 1620 2285 1684 Is

286 1708 369 1771 mihi
399 1729 470 1772 cum
504 1707 670 1771 (1777771575
696 1706 803 1788 patria
832 1705 909 1789 fuit)
938 1704 1084 1787 degebat.
1127 1702 1193 1768 Sed
1219 1724 1258 1766 55
1309 1716 1359 1769 555
1381 1706 1514 1771 Β155155
1533 1705 1737 1772 Β51575775155
1756 1706 1838 1770 51715
1857 1705 2070 1783 Geucvensis,
2094 1705 2135 1769 ab
2158 1705 2286 1787 aliquot

285 1803 360 1875 post
388 1791 551 1858 excidium
575 1791 846 1856 Suinfcrdianum
877 1810 976 1873 supra
1003 1809 1131 1871 quoquc
1159 1788 1258 1871 (proh
1309 1791 1404 1855 annis
1427 1791 1508 1854 mihi
1531 1800 1628 1856 555775
1650 1792 1777 1874 1755555.
1812 1791 1879 1871 Qui
1903 1790 2104 1854 dubitantem
2128 1803 2160 1854 55
2182 1810 2285 1856 eunc-

287 1878 393 1954 dolor)
422 1886 638 1942 memoratum
668 1877 716 1954 (15
746 1899 808 1959 555
841 1876 1013 1959 515755555
1042 1896 1154 1938 557555
1183 1895 1257 1955 pre·
1309 1885 1434 1941 tantem
1457 1899 1517 1955 mc,
1536 1899 1577 1942 no
1600 1887 1674 1942 tuas
1696 1876 1815 1941 arduas
1832 1878 2061 1957 occupationes
2082 1876 2285 1957 importunis

287 1965 427 2047 pinques
454 1983 543 2027 meos
565 1973 598 2026 55
627 1964 756 2027 55155777
786 1983 869 2044 5555
899 1969 1069 2042 supererat
1097 1980 1114 2023 e
1143 1960 1258 2023 multis
1310 1970 1343 2024 et
1363 1963 1483 2045 ineptis
1507 1963 1609 2027 literis
1624 1963 1706 2027 meis
1729 1964 1994 2037 interturbarem‚
2018 1962 2161 2044 perpulit
2184 1972 2219 2025 55
2242 1963 2285 2025 51

287 2070 431 2114 55757557
453 2048 557 2126 557151,
581 2049 683 2112 557515
705 2048 816 2113 11175715
834 2046 986 2129 5751777515
1005 2044 1135 2124 relictis,
1160 2054 1195 2108 ut
1218 2044 1258 2108 ad
1309 2046 1514 2112 scribendum
1548 2049 1687 2130 impulit,
1721 2047 1906 2130 efflagitans
1935 2056 1972 2111 ut
2004 2070 2038 2112 se
2071 2049 2105 2111 in
2138 2049 2285 2130 gratiam

287 2134 414 2216 reliqua
435 2134 617 2198 1515755515
635 2156 707 2198 5755
729 2133 791 2197 1755
811 2134 910 2198 551575
933 2132 1160 2208 adnumerem)
1184 2151 1258 2212 pro·
1309 2133 1450 2215 555155
1474 2155 1638 2216 ponerem,
1668 2155 1730 2216 quc
1753 2135 2187 2215 555571555555555555575
2211 2156 2285 2216 sep

286 2222 371 2286 fecta
392 2218 645 2302 Heidelbergam
677 2219 768 2304 (nam
792 2241 828 2284 eo
851 2219 1005 2282 maritum
1029 2218 1097 2280 5155
1120 2216 1160 2278 571
1183 2237 1257 2298 575·
1309 2218 1455 2300 555751151
1475 2221 1583 2284 Aiacis
1602 2221 1715 2302 clypeo
1738 2229 1827 2283 tutus
1849 2219 1975 2283 facilius
1996 2218 2181 2284 recularum
2206 2240 2285 2284 sua·

286 2303 445 2370 fitendum
475 2305 668 2369 medicinam
698 2304 868 2369 Palatinas
898 2303 1068 2367 honorario
1098 2301 1257 2366 55515175-
1281 2345 1284 2426 p
1309 2325 1382 2368 rum
1411 2304 1580 2381 iacturam,
1610 2326 1706 2388 quam
1738 2304 1976 2388 peregrinando
2005 2305 2090 2378 15515,
2123 2305 2284 2369 755575175

286 2401 379 2455 nesto
402 2394 607 2467 evocaverat)
635 2389 754 2454 ibidem
778 2391 833 2473 vij.
858 2388 1256 2468 0511511155555555-
1309 2398 1414 2470 queat.
1454 2390 1555 2455 Hunc
1577 2411 1655 2473 crgo
1679 2391 1794 2466 virum,
1818 2411 1891 2455 meo
1913 2390 2030 2455 iudicio
2052 2390 2189 2453 minime
2213 2411 2284 2454 ma-

286 2477 411 2552 715751)
439 2476 514 2539 tabe
541 2476 674 2539 interiit.
720 2474 887 2557 5755515
937 2483 988 2538 est
1018 2495 1104 2550 cam,
1136 2470 1256 2535 duode—
1308 2474 1378 2538 lum
1402 2485 1458 2538 aut
1481 2476 1694 2558 versipellem,
1726 2487 1758 2539 ct
1780 2477 1857 2559 quia
1882 2487 1914 2539 55
1936 2475 2150 2540 vehementer
2173 2474 2285 2559 diligit

286 2561 448 2645 vigesimo
466 2560 519 2624 die
530 2561 729 2639 Decembris,
749 2561 818 2644 ipse
833 2496 1022 2625 6757115755
1033 2579 1107 2621 57757
1119 2558 1257 2621 Aemilio
1309 2569 1343 2624 et
1372 2582 1391 2623 a
1421 2573 1453 2625 te
1481 2561 1573 2644 diligi
1601 2583 1635 2626 55
1662 2560 1811 2639 confidit,
1841 2562 1975 2643 eiusque
2001 2561 2186 2627 dilectionis
2217 2583 2284 2626 non

287 2646 490 2711 adolescente
520 2645 620 2710 fratrc
647 2646 809 2728 Olympiae
835 2654 926 2727 peste
954 2644 1059 2726 periit.
1095 2643 1169 2723 Quo
1192 2644 1256 2706 fac·
1308 2645 1380 2710 love
1403 2645 1489 2727 apud
1511 2668 1564 2710 mc
1586 2657 1815 2731 argumentum
1837 2647 1956 2723 adfert,
1987 2647 2072 2729 quod
2102 2668 2137 2711 se
2165 2667 2284 2730 aegro-

287 2740 358 2796 tum
387 2740 438 2795 est
465 2739 504 2794 ut
533 2730 573 2796 ab
600 2735 712 2796 uxoris
732 2731 943 2813 quantumvis
973 2732 1057 2795 55715
1086 2739 1119 2793 55
1141 2729 1257 2792 ultima
1308 2740 1434 2796 tantem
1458 2732 1545 2798 domi
1566 2754 1644 2797 suae
1670 2733 1811 2797 invisere
1837 2732 1990 2814 dignatus
2016 2734 2076 2810 sis,
2105 2742 2285 2816 protegen·

287 2817 457 2881 voluntate
485 2816 588 2882 filiam
615 2817 716 2882 latine
744 2816 878 2882 docendi
905 2815 1123 2893 discesserim,
1154 2835 1256 2896 quan·
1309 2816 1401 2894 dum,
1440 2818 1638 2901 consilioque
1668 2827 1742 2894 tuo,
1778 2840 1841 2899 qua
1873 2839 1908 2882 es
1941 2817 2129 2900 prudentia,
2163 2819 2285 2883 iuvan-

286 2923 384 2984 quam
406 2903 530 2968 invitus
551 2902 670 2980 hercle,
693 2902 750 2967 551
772 2903 854 2966 51575
875 2902 1047 2984 piaculum,
1070 2911 1108 2964 ut
1129 2901 1254 2982 opinor,
1309 2902 1387 2967 dum
1416 2903 1477 2968 tibi
1504 2913 1536 2967 ot
1557 2925 1610 2968 me
1642 2903 1739 2969 simul
1768 2905 1887 2968 iterum
1916 2912 2013 2986 atque
2041 2904 2162 2967 iterum
2195 2924 2285 2970 com·

287 2988 338 3052 vel
362 2997 393 3052 te
415 2988 486 3068 ipso
508 2988 638 3052 arbitro.
681 2986 810 3053 85115
837 2987 890 3052 his
919 2988 983 3051 iam
1012 2984 1136 3049 dudum
1165 2986 1255 3060 satis,
1308 2989 1434 3068 mendo,
1457 3009 1576 3072 rogans
1598 3000 1635 3053 ut
1657 3011 1715 3055 555
1737 2989 1848 3054 5751755
1876 2989 1933 3054 tibi
1960 3010 2052 3056 caros
2074 2997 2172 3052 antea
2194 3012 2285 3055 eom·

285 3074 456 3137 157515755
475 3074 586 3150 5177715,
616 3075 680 3137 5151
703 3074 820 3140 5517575
843 3083 874 3137 55
895 3073 1108 3136 minimarum
1130 3090 1256 3152 quoque
1308 3073 1473 3139 mendatio
1506 3073 1587 3140 haec
1625 3075 1764 3140 55715755
1801 3073 1924 3139 751155.
1980 3075 2072 3139 Β555
2104 3075 2197 3152 7515,
2231 3077 2287 3139 717

287 3179 397 3223 757575
426 3179 509 3240 5555
537 3157 578 3222 ab
604 3159 715 3225 amieis
743 3167 903 3242 geruntur
925 3157 1059 3222 avidum
1086 3172 1254 3238 perconta·
1308 3159 1497 3224 clarissime.

286 3253 393 3309 torem
415 3265 495 3308 esse.
533 3246 683 3308 Amicum
718 3255 826 3309 autem
855 3252 889 3307 te
920 3255 953 3307 et
981 3263 1090 3306 meum
1113 3250 1147 3304 et
1169 3243 1255 3321 filiae
1393 3247 1487 3328 Rogo
1509 3265 1595 3323 vero,
1619 3247 1647 3308 si
1668 3247 1841 3310 molestum
1864 3266 1931 3309 non
1953 3253 2017 3321 est,
2046 3245 2123 3326 quia
2145 3244 2287 3310 Bluaias

288 3350 355 3394 nen
384 3338 507 3394 temere
538 3330 635 3406 mihi,
676 3339 713 3395 ut
746 3330 875 3411 opinor,
915 3330 1084 3411 promitto,
1124 3332 1255 3410 propter
1294 3331 1349 3395 .ad
1381 3354 1440 3397 nes
1473 3331 1534 3397 sub
1568 3351 1686 3396 vernas
1717 3330 1935 3396 Franccfurdi
1974 3329 2140 3394 nundinas
2173 3331 2286 3395 redire

196 3481 199 3486 ,
287 3424 426 3479 57557557
465 3435 546 3496 quae
585 3423 616 3479 55
652 3416 728 3480 1575
760 3416 847 3481 vixit
884 3433 1090 3496 summopere
1129 3433 1257 3495 semper
1308 3417 1437 3500 cogitat,
1467 3418 1506 3481 de
1533 3417 1730 3501 Hieronymi
1751 3415 1883 3494 Bolseci,
1915 3416 2085 3481 vaferrimi
2116 3416 2284 3497 quondam

288 3500 388 3566 coluit
419 3510 451 3564 et
481 3499 666 3565 observavit
694 3511 726 3566 et
748 3500 893 3566 vicissim
926 3500 984 3564 abs
1018 3510 1050 3563 te
1082 3518 1257 3581 germanae
1307 3502 1342 3565 15
1372 3502 1446 3567 5515
1475 3503 1688 3567 Ferrariense
1716 3503 1758 3578 (si
1789 3502 1851 3567 diis
1878 3502 2000 3583 placet)
2029 3502 2285 3585 eleemosynarii

288 3587 408 3673 sororis
429 3586 499 3650 loce
521 3585 632 3650 habita
653 3586 723 3651 fuit.
1307 3586 1491 3653 conditione
1520 3596 1577 3653 aut
1609 3597 1708 3664 statu,
1741 3586 1868 3670 siquid
1896 3587 2053 3670 comperti
2082 3587 2194 3664 habes,
2229 3608 2284 3651 me

373 3671 531 3754 Ingentes
562 3692 641 3736 vero
673 3682 707 3736 et
739 3692 811 3736 meo
843 3679 878 3736 et
916 3669 1086 3736 defunctae
1125 3670 1256 3733 nomine
1308 3674 1478 3738 certiorem
1499 3674 1608 3739 facias.
1645 3673 1783 3737 Interim
1806 3694 1883 3739 vere
1906 3672 2015 3737 doctos
2038 3693 2075 3738 ac
2097 3673 2169 3755 pies
2191 3673 2284 3737 71755

289 3757 412 3840 gratias
445 3776 505 3839 ago
538 3777 597 3839 575
630 3756 747 3821 libellis
780 3757 837 3821 abs
868 3767 901 3820 te
935 3756 1052 3821 missis.
1087 3754 1256 3838 Apologia
1307 3760 1446 3842 August.
1467 3759 1685 3825 Mercedem*
1703 3759 1909 3824 ecclesiasten
1922 3757 2284 3836 Clavennae,siadhno

288 3842 441 3907 videlicet
470 3840 641 3906 bibliorum
671 3843 838 3917 1151757513)
866 3850 900 3905 55
930 3841 1074 3905 homelia
1102 3851 1159 3904 tua
1187 3845 1255 3923 περὶ
1307 3854 1463 3927 superest,
1493 3857 1526 3908 et
1549 3844 1669 3910 05117775
1693 3844 1867 3911 Secundum
1895 3844 2041 3908 vicinum
2070 3851 2176 3919 tuum,
2203 3865 2283 3926 quo-

286 3931 338 4005 7717
362 3935 501 4010 προνοίας
524 3922 540 4003 ἢ
558 3930 742 4010 εἰμαρμίνης,
754 3933 782 4004 ⁴)
804 3930 953 4009 55557715
975 3927 1059 3990 51755
1078 3927 1168 4008 57155
1188 3926 1256 3990 1555
1307 3951 1381 3993 7557
1404 3938 1542 4010 5557555
1564 3930 1799 3995 meFerrariae
1818 3929 1895 3993 olim
1914 3938 1948 3994 et
1962 3928 2067 3994 0511775
2085 3950 2144 4012 557
2166 3929 2283 3995 literas

285 4016 392 4095 ipsam
415 4013 625 4086 sustulerant,
656 4010 1255 4096 5557775555151555111511555115-
1308 4016 1405 4078 etiam
1424 4015 1589 4096 hucusque
1608 4014 1700 4079 datas
1721 4015 1925 4079 familiariter
1941 4035 1995 4079 me
2013 4015 2204 4098 complexus
2222 4023 2283 4093 est,

288 4110 342 4163 tus
365 4100 433 4162 fuit.
470 4099 568 4163 Mitto
591 4108 700 4163 autem
721 4099 787 4161 iam
805 4098 950 4162 vicissim
968 4097 1008 4161 ad
1032 4106 1073 4174 55,
1096 4117 1162 4160 555
1184 4097 1255 4177 qui·
1307 4101 1551 4177 officiosissime,
1575 4101 1602 4163 si
1621 4099 1717 4164 15557
1735 4102 1859 4168 occasio
1878 4108 2051 4178 autvaoat,
2070 4101 2152 4166 meis
2171 4100 2284 4165 verbis

288 4185 363 4250 dam
381 4183 493 4267 χρύσεα
509 4189 653 4264 χαλκείων
665 4183 722 4249 sed
740 4183 849 4263 χάλκεα
866 4182 930 4244 rival
949 4191 1095 4265 χρυσείων
1115 4180 1255 4262 ἀμείβων,

290 4270 485 4354 Apologiam
511 4269 662 4335 videlicet
689 4271 723 4333 15
745 4268 902 4352 gratiam,
932 4269 967 4331 ni
994 4267 1102 4346 151157,
1133 4266 1257 4332 05771511

284 4356 486 4421 Iosuitarum
508 4374 568 4437 per
589 4354 802 4420 Germaniam
823 4352 979 4437 praefecti
1001 4373 1104 4435 nuper
1126 4351 1256 4431 editam,

1410 4473 1440 4537 b)
1458 4476 1488 4526 777
1505 4473 1629 4542 margine
1645 4492 1679 4527 m.
1694 4491 1739 4544 pe.

286 4544 489 4555 “-···
1410 4541 1440 4606 6)
1468 4541 1530 4595 Iam
1556 4541 1669 4595 51542
1694 4544 1761 4598 duce
1790 4543 1923 4598 (1771151775
1948 4547 2062 4611 reponte
2085 4543 2284 4601 1551575157

1312 4609 1402 4663 Faber
1419 4617 1444 4664 et
1461 4611 1502 4664 Le
1519 4609 1557 4664 Ja
1593 4612 1623 4664 177
1641 4611 1794 4666 Bovarium
1810 4617 1940 4667 7577575775
1958 4612 2005 4665 751
2022 4613 2061 4665 571
2078 4613 2157 4667 breve
2174 4618 2284 4669 5577177777

289 4675 677 4740 55757717755575575
701 4677 752 4733 bac
775 4677 885 4732 muliere
902 4694 926 4731 77.
947 4677 1056 4743 Nettea,
1080 4677 1143 4731 Vita
1164 4675 1195 4729 O.
1215 4676 1257 4728 Μ.
1308 4685 1419 4744 tempas.
1450 4679 1533 4732 Anco
1556 4628 1623 4732 1549
1647 4680 1688 4733 Le
1710 4681 1775 4750 1775,
1799 4679 1921 4736 7951777575
1944 4687 1970 4734 et
1987 4682 2018 4734 P.
2039 4681 2171 4734 0577575775
2190 4683 2285 4752 lagel-

287 4745 332 4799 ed.
351 4745 450 4809 Η555
468 4744 581 4809 11577755,
607 4746 654 4800 Vir
671 4745 698 4799 d’
703 4745 743 4799 Ol.
763 4745 804 4799 M.
1309 4747 1395 4801 stadii
1409 4748 1604 4815 praekctioner
1621 4749 1781 4804 1755757555.
1812 4749 1933 4803 Tandem
1951 4767 1976 4802 77.
1996 4748 2063 4803 11755
2081 4749 2213 4804 7115775777
2224 4752 2285 4806 due

361 4821 369 4846 1
392 4810 423 4877 2)
441 4827 535 4880 nempe
552 4812 620 4867 1555
636 4819 666 4868 775
683 4815 742 4882 ipae
758 4816 881 4881 7777751775
897 4812 1014 4867 addidit.
1309 4816 1408 4871 ebidem
1432 4816 1469 4869 iia
1486 4816 1624 4886 collegium
1642 4818 1744 4884 eripere
1757 4818 1882 4886 5577771515
1906 4824 1931 4872 et
1947 4834 2021 4872 7777775
2038 4826 2163 4887 aequente
2181 4820 2285 4874 177515-

393 4880 424 4943 3)
441 4881 484 4934 Ad
502 4898 627 4936 censuras
645 4882 831 4952 theologorum
849 4882 1040 4936 Parisiensium
1059 4882 1155 4962 quibus
1174 4881 1259 4934 biblia
1308 4885 1408 4954 51517711
1424 4885 1482 4938 eirea
1507 4887 1615 4939 57117715
1632 4885 1783 4952 adfuerant
1799 4887 1934 4955 5157717777
1951 4888 1992 4940 e‘be‘
2045 4893 2132 4941 5777775.
2164 4886 2286 4957 (Sapen-

288 4949 499 5070 fflistg‘pmm
515 4966 613 5004 excusa
630 4952 792 5004 calumniose
810 4956 938 5004 notarunt
951 4966 1098 5019 responsio.
1121 4950 1258 5019 asaph.
1308 4954 1377 5075 277757
1386 4953 1507 5074 11515755
1516 4952 1651 5075 1117557777-
1660 4956 1719 5008 aad
1734 4955 1947 5010 7515775751ηά7
1963 4953 1998 5008 28
2032 4970 2068 5009 57.
2079 4956 2170 5024 Leuc,
2186 4956 2284 5012 Gaea.

362 5058 367 5069 .
404 5060 409 5069 .
1329 5062 1335 5074 .
1373 5037 1408 5075 ee.
1425 5038 1455 5074 777
1501 5038 1579 5077 amn
1646 5038 1684 5076 a.

394 5084 423 5150 4)
449 5085 515 5139 Vide
538 5092 627 5139 77577577
651 5087 777 5156 loquatur
804 5086 837 5140 de
861 5086 989 5156 5577757715
1013 5087 1091 5139 caius
1108 5086 1204 5141 57177177
1221 5094 1259 5141 eet
1411 5026 1703 5161 7)]1715777155775151
1729 5091 1858 5146 Cantetur
1874 5091 1956 5148 5515777
1979 5091 2101 5146 Viennae
2117 5092 2284 5148 5711715775

288 5153 490 5223 Congregation
507 5159 553 5210 ete.
571 5171 608 5208 cn
612 5155 709 5276 perias
727 5155 760 5209 de
768 5159 888 5209 5755577577
897 5161 992 5211 conce
1003 5154 1130 5224 Plotium
1148 5158 1259 5225 scripto·
1309 5160 1450 5214 5555557757
1477 5164 1671 5227 procrearunt,
1697 5167 1722 5215 et
1755 5160 1904 5217 1155517115
1928 5161 1988 5231 regi
2013 5160 2196 5216 Ferde'eeaade
2221 5170 2285 5217 erat

295 5220 444 5292 Utramque
460 5223 589 5279 1777177177
635 5263 641 5276 .
665 5223 750 5282 VIII.
769 5237 888 5293 operam.
1309 5228 1545 5296 poenitentiarius.
