4688 5910
64 340 125 402 687

64 547 135 611 cap.
158 530 199 590 47
229 532 356 609 patrem
385 531 418 588 et
448 522 585 591 verbum
614 525 685 590 eius
712 542 815 589 unum
842 530 876 589 et
899 523 1040 590 eundem

63 613 176 679 Deum
198 631 268 677 osse
298 632 336 676 ac
364 629 494 692 semper
524 609 670 674 humano
689 610 801 692 generi
823 609 985 690 assistere,
1008 618 1041 675 et

63 698 254 783 Cyprianus
289 697 338 761 in‘
361 716 402 761 ex
427 694 565 761 ositione
604 694 758 780 Symboli
797 694 968 777 apostolici
994 696 1040 762 sic

63 784 175 850 Deum
197 803 300 848 unum
319 782 359 849 ob
380 716 426 845 id
437 801 507 846 esse
519 779 604 845 dixit
619 780 705 864 quod
725 780 773 844 illi
795 801 856 846 neo
877 779 1041 846 sccundus

63 890 126 936 nec
148 870 266 934 tertius
292 865 369 932 addi
396 873 507 949 queat:
537 865 809 949 quemadmodum
842 875 876 931 ot
897 866 945 931 sol
968 887 1041 931 eam

64 955 107 1022 ob
139 974 274 1021 causam
307 973 393 1017 uuus
424 961 474 1017 est
511 951 596 1034 quod
618 973 683 1017 uua
706 973 781 1018 cum
800 950 857 1016 illo
879 951 935 1016 alii
957 951 1041 1017 soles

63 1061 136 1108 csse
158 1060 225 1105 non
252 1047 401 1122 pessunt.
452 1039 563 1120 Atque
588 1038 636 1103 ita
655 1058 796 1122 agnosco
818 1044 853 1101 et
873 1037 1040 1116 confiteor,

87 1139 192 1191 atram
213 1124 318 1190 filium
350 1134 384 1190 at
404 1124 558 1206 spiritum
579 1134 731 1190 sanctum
752 1143 858 1206 neque
880 1131 948 1188 tres
969 1144 1041 1189 csse

63 1148 152 1287 deos,
180 1231 285 1293 neque
313 1218 382 1275 tres
411 1207 569 1288 dominos,
595 1229 733 1275 numero
755 1207 861 1293 gradu
880 1218 913 1274 et
934 1208 1040 1274 officio

64 1298 237 1363 distiumos
256 1315 294 1362 ac
314 1292 551 1372 subordinatas,
563 1294 621 1360 sed
641 1296 886 1359 omninounum
908 1302 943 1360 et
959 1315 1039 1359 eun·

65 1381 141 1448 dem
159 1402 227 1446 una
248 1389 282 1447 et
302 1380 415 1446 eadem
438 1378 502 1446 fide
523 1381 647 1463 pariter
658 1377 879 1446 invocandum
901 1378 1039 1444 adoran-

65 1470 144 1535 dum
167 1475 201 1532 et
222 1467 402 1533 colendum.

151 1552 281 1619 Deinde
309 1553 446 1618 firmiter
471 1550 568 1617 credo
598 1559 632 1616 et
659 1559 728 1615 toto
757 1547 853 1616 corde
875 1551 1039 1630 confiteor,

64 1651 193 1724 patrem
214 1639 249 1703 in
272 1638 443 1704 divinitate
471 1643 549 1703 ante
571 1635 681 1701 omnia
702 1636 831 1702 saecula
849 1633 890 1700 ab
908 1643 1040 1701 aeterno

64 1735 99 1792 et
120 1727 191 1790 sine
211 1723 309 1789 initio
331 1744 373 1788 ex
394 1745 429 1789 se
446 1724 516 1806 ipso
534 1723 685 1807 genuisse
706 1721 813 1786 filium
824 1722 1040 1806 unigenitum,

63 1811 171 1896 patria
184 1813 213 1892 ²)
235 1817 269 1874 et
297 1808 424 1892 aequali
447 1810 570 1874 virtute
593 1829 630 1874 ac
652 1809 823 1872 maiestate
851 1807 1040 1892 pollensem,

63 1918 126 1980 per
147 1916 245 1980 quem
268 1905 302 1958 et
323 1901 452 1959 caetera
474 1895 585 1958 omnia
606 1892 760 1970 condidit,
784 1914 880 1975 quem
898 1893 1040 1959 Ioannes

63 1991 222 2066 tanquam
246 1979 382 2046 verbum
400 1988 570 2045 aeternnm
587 1979 622 2043 in
644 1980 802 2062 principio
824 1979 910 2062 apud
932 1979 1039 2044 Deum

63 2068 167 2134 fuisse
188 2066 275 2132 dicit.
319 2066 365 2131 ltt
397 2087 472 2131 cum
502 2064 670 2149 Cypriane
698 2066 864 2143 confiteor,
892 2065 1039 2148 incorpo-

63 2174 155 2219 ream
173 2152 264 2216 illam
286 2159 319 2217 et
339 2150 701 2234 incomprehensibilem
724 2150 884 2234 unigeniti
903 2150 966 2215 Dei
984 2172 1040 2235 ge-

64 2239 269 2304 nerationem
293 2257 354 2302 nec
381 2237 416 2300 in
450 2236 611 2319 pluralem
634 2235 767 2301 deorum
790 2257 963 2301 numerum
986 2236 1040 2301 de·

63 2326 239 2390 fluerenec
253 2322 498 2388 indivisionem
517 2319 641 2397 cadere,
660 2328 832 2405 propterea
850 2321 936 2404 qnod
949 2322 1040 2405 geni·

63 2420 118 2476 tus
140 2409 230 2475 filius
252 2428 457 2492 nequaquam
480 2428 500 2470 a
521 2418 698 2492 generante
720 2415 899 2490 separatur.

151 2495 263 2559 'fertio
298 2494 438 2559 firmiter
466 2494 563 2559 credo
590 2501 624 2558 et
652 2501 720 2557 tcto
749 2492 847 2558 corde
876 2493 1042 2572 confiteor,

64 2581 273 2665 unigenitum
300 2579 391 2645 hunc
416 2580 520 2661 patris
547 2579 649 2643 filium
678 2576 860 2643 Dominum
889 2585 1041 2644 nostrum

63 2665 175 2732 Iesum
200 2665 370 2731 Christum
394 2665 480 2747 patri
510 2663 821 2730 consubstantialem
854 2664 1043 2729 novissimis

63 2752 265 2836 temporibus
297 2751 433 2816 missum
466 2771 536 2815 esse
568 2750 603 2815 iu
636 2751 725 2814 hunc
752 2747 921 2827 muudum,
943 2748 1042 2813 utin

63 2845 159 2904 utero
181 2838 320 2921 virginis
341 2857 439 2901 carne
456 2843 570 2901 nostra
590 2835 630 2901 do
659 2837 783 2900 semine
804 2833 963 2900 Abraami
990 2856 1041 2900 se·

63 2922 209 2991 cundum
236 2923 415 3005 scripturas
442 2929 618 3004 assumpta,
646 2943 712 2986 non
747 2919 882 2986 coelitus
910 2942 951 2985 ex
969 2921 1040 3003 ipso

62 3011 136 3074 Deo
160 3008 267 3087 allata,-
290 3017 448 3091 operante
469 3008 587 3091 spiritu
610 3015 723 3072 sancto
745 3027 845 3072 verus
862 3006 960 3070 homo
981 3026 1039 3070 no·

63 3095 114 3161 bis
137 3095 325 3177 peremnia
355 3093 485 3175 dempto
509 3102 642 3176 peccato
668 3093 764 3158 nobis
791 3091 907 3157 similis
936 3093 1039 3169 lieret,

64 3188 98 3245 et
120 3201 227 3278 genus
257 3180 437 3244 humanum
473 3199 531 3260 pro
564 3179 704 3262 peccatis
728 3177 850 3243 uostris
871 3175 1041 3242 moriendo

63 3264 249 3330 reduueret.
283 3265 353 3331 Nec
381 3263 565 3329 ullomodo
587 3262 811 3347 recipiendum
833 3284 904 3329 esse
926 3262 1040 3341 fateor,

63 3352 93 3418 si
117 3351 189 3434 quis
211 3349 346 3416 verbum
376 3348 457 3414 illud
485 3358 655 3415 aeternum
678 3349 769 3416 velut
790 3369 901 3414 semen
924 3348 988 3413 Dei
1005 3348 1040 3412 in

63 3447 159 3502 utero
180 3436 318 3520 virginis
340 3435 559 3500 inhominem
578 3435 631 3500 rel
652 3435 863 3518 liquefactum
885 3432 939 3499 vel
966 3453 1040 3499 coa-

64 3522 226 3609 gulatum,
245 3530 278 3586 et
299 3521 472 3587 Christum
500 3519 680 3586 secundum
709 3521 888 3586 humanam
911 3539 1040 3602 quoque

62 3617 216 3674 naturam
240 3607 310 3672 Dco
332 3609 418 3690 patri
447 3605 760 3672 consubstantialem
789 3617 823 3670 et
855 3605 1039 3670 naturalem

62 3693 155 3759 illius
176 3715 248 3759 esse
268 3693 371 3757 lilium
395 3693 490 3759 dicat.
530 3692 697 3757 Confiteor
719 3691 818 3756 ctiam
840 3692 874 3754 in
896 3689 1040 3755 Domino

63 3777 147 3844 duas
170 3799 240 3844 csse
262 3786 397 3843 naturas
411 3778 580 3844 inconfusa
597 3778 796 3855 coniunctas,
814 3776 958 3840 divinam
978 3775 1041 3842 sci-

62 3865 144 3933 licet
165 3873 199 3947 et
226 3864 419 3929 humanam:
448 3885 549 3947 quare
566 3875 599 3928 et
628 3884 768 3946 agnosco
790 3884 858 3926 non
875 3860 979 3928 dividi
1000 3861 1040 3925 il·

62 3951 134 4016 lum
152 3950 187 4015 in
205 3948 285 4015 duos
296 3947 453 4027 Christos,
465 3970 565 4032 quum
577 3949 774 4014 humanitati
785 3947 875 4013 illius
885 3947 1040 4025 humana,

64 4034 232 4103 divinitati
255 4035 368 4101 divina
378 4042 600 4118 competenter
617 4034 801 4112 tribuimus,
823 4042 857 4099 et
877 4054 937 4117 per
956 4032 1041 4098 idio·

63 4131 193 4187 matum
213 4121 541 4187 communicationem
563 4122 671 4186 Deum
695 4120 864 4184 hominem
885 4139 957 4184 esse
973 4118 1041 4184 fac·

64 4215 148 4285 tum,
170 4226 313 4287 passum,
336 4214 503 4271 mortuum
527 4215 585 4270 etc.
608 4206 753 4271 dicimus.

153 4289 280 4372 Quarto
309 4292 448 4356 firmiter
473 4291 569 4357 credo
597 4304 630 4357 et
656 4290 845 4356 totocorde
875 4291 1041 4367 confiteor,

65 4398 172 4443 unum
199 4398 269 4443 esse
303 4378 455 4459 spiritum
490 4385 641 4444 sanctum
668 4376 879 4460 paracletum,
908 4375 1043 4441 tertiam

66 4461 214 4530 ciusdem
236 4484 311 4528 cum
334 4471 426 4546 patre
448 4470 482 4528 et
502 4463 570 4528 filio
582 4463 766 4530 divinitatis
788 4481 970 4546 personam,
988 4482 1043 4526 aa·

65 4547 142 4615 dam
163 4554 283 4614 natura
300 4550 445 4632 potentia
477 4557 511 4613 et
532 4549 636 4633 gloria
650 4547 842 4632 praeditam,
864 4568 925 4630 per
944 4567 1043 4629 quem

65 4633 182 4700 fideles
203 4641 237 4700 et
258 4634 355 4701 electi
371 4656 485 4700 omnes
495 4634 705 4700 illustrantur
715 4641 888 4717 unguntur
908 4639 943 4697 et
953 4650 1044 4697 sauc-

65 4721 247 4797 tiflcantnr,
271 4722 389 4804 quique
416 4740 491 4785 cum
512 4730 608 4803 patre
626 4728 660 4784 et
680 4718 748 4784 filio
770 4719 855 4785 vivit
871 4727 905 4782 et
926 4724 1044 4801 regnat

64 4807 103 4870 in
125 4807 325 4889 sempiterna
346 4805 484 4872 saccula

153 4892 327 4956 Postremo
348 4891 488 4956 fimiter
504 4892 602 4959 oredo
621 4901 655 4957 et
676 4898 744 4956 toto
761 4886 858 4955 corde
875 4888 1042 4966 confiteor,

66 4997 171 5044 unam
186 4998 256 5043 esse
274 4977 383 5056 fidem,
400 4998 502 5043 unam
519 4977 687 5043 ecclesiam
701 4987 735 5042 et
749 4996 853 5041 unum
870 4973 1042 5056 baptisma,

66 5071 102 5129 et
118 5062 303 5129 indubitato
321 5085 437 5131 verum
450 5084 521 5130 ossa
532 5061 687 5147 quidquid
705 5062 742 5126 in
759 5061 860 5128 sacris
870 5059 993 5127 veteris
1009 5065 1043 5124 et

172 5267 204 5336 2)
227 5267 394 5324 mlius
410 5268 520 5323 eoam
536 5265 678 5337 legendam
694 5279 765 5320 cau:
781 5264 849 5333 part

908 340 988 399 1557
1010 333 1234 401 saplutus.

2005 341 2067 402 638

1093 524 1173 591 novi
1195 524 1385 591 testamenti
1412 527 1584 610 scripturis
1613 546 1674 592 nec
1702 546 1770 592 non
1796 536 1830 590 et
1852 527 1889 590 in
1910 525 2068 611 symbolis

1092 610 1218 676 Niceno
1235 619 1270 675 et
1290 609 1464 677 Athanasii
1484 613 1681 689 continetur,
1702 621 1736 676 et
1756 632 1813 676 oro
1831 612 2011 677 Dominum
2028 619 2068 678 ut

1091 697 1129 761 in
1151 697 1213 763 hae
1235 718 1288 762 me
1305 695 1370 762 fide
1403 708 1436 762 et
1460 699 1662 765 confessione
1691 699 1811 782 spiritu
1832 699 1958 781 gratim
1989 718 2068 764 suae

1093 782 1315 934 Ymverimtis
1337 781 1467 849 fidelem
1491 784 1553 850 sibi
1582 785 1618 848 in
1646 785 1747 849 finem
1769 803 1873 866 nsque
1894 783 2065 849 custodiat

1160 888 1211 933 en.

1430 956 1521 1022 Huic
1541 955 1739 1022 confessioni
1760 955 2026 1038 subscripsemnt

1522 1041 1678 1125 Wolfgau
1764 1040 1943 1106 Masculus.

1523 1127 1665 1193 Ioannes
1722 1126 1851 1192 allsrus.

1523 1213 1665 1279 Ioannes
1686 1211 1871 1278 Waebsrus

1464 1308 1497 1364 st
1517 1299 1695 1365 Mauritius
1717 1299 1920 1382 Episcopius.

1178 1472 1225 1537 ut
1244 1492 1306 1556 ego
1330 1469 1450 1536 Matth.
1479 1469 1667 1549 Gribeldua,
1695 1468 1902 1534 dominorum
1919 1488 2068 1535 meorum

1092 1557 1313 1623 Bemensium
1334 1555 1470 1621 humilis
1497 1556 1648 1622 subditus
1670 1564 1768 1638 atque
1790 1555 1945 1633 vasallus,
1967 1575 2068 1637 snpra

1092 1645 1234 1727 scriptae
1262 1642 1455 1709 confessioni
1477 1663 1536 1726 per
1553 1644 1664 1706 omnia
1687 1640 1864 1720 subscribo,
1892 1652 1927 1706 et
1950 1640 2068 1706 abiiaio

1092 1748 1131 1793 ac
1151 1728 1258 1794 refuto
1280 1748 1409 1793 omnem
1431 1748 1564 1794 sensum
1585 1738 1619 1793 et
1636 1726 1839 1792 intellectum
1861 1735 2068 1792 sacrosancto

1092 1815 1170 1880 Iesu
1191 1815 1317 1880 Christi
1346 1814 1519 1898 evaugelio
1545 1823 1579 1877 et
1601 1813 1678 1879 huic
1699 1812 1895 1878 confessioni
1915 1832 2067 1896 pugnan-

1092 1909 1169 1979 tem,
1193 1909 1377 1983 protestaua
1405 1920 1512 1966 coram
1537 1899 1611 1964 Deo
1641 1909 1675 1963 et
1695 1908 1809 1963 sancta
1829 1898 1901 1962 cius
1923 1898 2066 1975 ecclesia,

1092 2007 1147 2051 me
1163 1986 1198 2051 in
1215 1987 1287 2069 ipso
1309 1985 1386 2050 Iesu
1396 1985 1522 2051 Christi
1533 1984 1711 2068 evangelio,
1732 1983 1956 2050 etsccundum
1967 2003 2066 2048 evan·

1093 2071 1230 2156 gelicam
1257 2072 1428 2139 veritatem
1446 2071 1486 2135 in
1509 2068 1661 2136 omnibus
1682 2077 1717 2134 et
1736 2090 1796 2153 per
1817 2070 1927 2134 omnia
1944 2069 2067 2134 sendra

1093 2157 1226 2224 credere
1242 2160 1355 2223 vivere
1376 2166 1410 2220 ct
1431 2157 1514 2221 mori
1537 2156 1629 2222 velle.
1673 2155 1727 2220 Ita
1748 2176 1800 2219 me
1822 2155 1915 2219 Deus
1934 2154 2068 2219 adiuvat

1092 2244 1149 2326 qui
1171 2253 1222 2308 est
1243 2241 1428 2307 laudandus
1449 2243 1486 2306 in
1507 2241 1685 2326 saecula.⁸)

1527 2752 1627 2823 272⁰.

1335 2888 1567 2957 CALViNUS
1590 2887 1822 2956 FARELLO.

1180 3063 1303 3128 Novum
1331 3063 1416 3145 repis
1441 3061 1476 3125 iot
1498 3061 1573 3144 pios
1601 3061 1765 3126 saevitiam
1791 3064 2065 3125 muraenam

1093 3149 1228 3234 lapidem
1239 3153 1395 3213 motarum
1416 3168 1448 3212 sa
1459 3147 1595 3213 deotmot
1616 3152 1651 3211 at
1668 3147 1711 3211 iis
1727 3147 1856 3228 patroni
1873 3146 1909 3209 ia
1920 3143 2065 3209 Helvetia

1092 3235 1316 3301 scommata
1342 3233 1549 3314 reperiantur.
1602 3233 1787 3298 Tarieenees
1814 3252 1912 3314 usqae
1932 3251 1954 3294 a
1975 3229 2064 3295 otus

1092 3322 1166 3403 quio
1183 3319 1347 3385 abhorrent
1365 3324 1393 3382 et
1408 3317 1626 3384 coatraBeace
1644 3318 1864 3400 assessionem
1881 3315 2063 3382 &domarat

1094 3492 1150 3558 (Ex
1177 3491 1344 3560 autographo
1362 3489 1426 3542 Cod.
1448 3489 1548 3544 Gener.
1576 3487 1648 3556 1070,
1674 3489 1720 3543 sol.
1747 3486 1805 3542 162.
1839 3487 1931 3540 Habet
1957 3502 2065 3555 quoque

1093 3561 1255 3614 Turratinus
1273 3560 1337 3614 Cod.
1357 3557 1415 3624 108,
1432 3559 1479 3612 fol.
1496 3556 1538 3610 84„
1573 3559 1703 3612 Simlerus
1721 3557 1783 3611 Vol.
1802 3553 1837 3608 90
1853 3562 1881 3608 et
1898 3556 1967 3624 Epp.
1983 3555 2064 3608 Bern.

1234 3630 1308 3683 'l‘om
1327 3628 1373 3681 Vl.
1390 3645 1417 3697 p.
1435 3627 1494 3680 671.
1530 3627 1629 3680 Versio
1652 3628 1758 3695 anglica
1774 3624 1822 3678 111.
1839 3623 1911 3691 368.)

1092 3802 1225 3868 Eximio
1247 3801 1381 3865 Domini
1404 3802 1508 3864 nostri
1530 3800 1606 3864 Iesu
1623 3798 1750 3864 Christi
1770 3816 1867 3862 servo
1885 3793 2063 3861 (luillelmo

1092 3887 1225 3953 Farello
1242 3886 1397 3952 ecclesiae
1424 3886 1657 3951 Neocomensis
1687 3884 1751 3947 fido
1773 3882 1896 3965 pastori
1916 3881 2010 3945 fratri
2032 3888 2065 3943 et

1377 3979 1579 4056 symmystae
1601 3971 1776 4035 carissimo.

1179 4143 1215 4210 S.
1241 4143 1410 4208 Divinitas
1442 4145 1564 4209 metum
1591 4143 1696 4207 fuerat
1724 4148 1760 4204 ut
1783 4139 2024 4222 profectionem,
2038 4137 2067 4221 ¹)'

1094 4232 1187 4295 cuius
1211 4228 1301 4294 haud
1331 4228 1428 4295 dubie
1458 4229 1577 4295 certior
1601 4227 1693 4292 liristi
1715 4226 1821 4290 factus
1838 4223 1944 4308 pridie
1966 4242 2064 4306 quam

1094 4316 1199 4382 tristis
1221 4315 1360 4381 nuncius
1388 4314 1508 4380 allatus
1536 4322 1596 4393 est,
1623 4320 1738 4396 rogatu
1765 4330 1839 4375 mco
1867 4309 2065 4391 hortatuque

1197 4503 1226 4571 3)
1243 4503 1389 4560 Nessus
1406 4502 1439 4556 de
1454 4517 1573 4572 mnam
1591 4501 1759 4566 consessore
1778 4496 1907 4552 Orrbclds'
1923 4496 2066 4578 repente

1095 4572 1133 4626 cd
1151 4571 1257 4627 Ducem
1277 4571 1499 4639 Christopborusa
1521 4571 1587 4625 boec
1608 4568 1764 4637 scripserit:
1790 4567 1910 4621 Remitto
1932 4569 2064 4634 scriptum

1095 4641 1128 4694 D.
1146 4639 1269 4694 Gribnldi
1286 4643 1333 4709 qni
1350 4639 1417 4692 mihi
1434 4641 1513 4693 valde
1530 4648 1672 4707 suspectus
1689 4635 1821 4705 estquod
1842 4637 1870 4688 iu
1892 4652 1941 4688 suo
1961 4633 2064 4688 conlea-

1094 4710 1170 4764 sione
1192 4709 1371 4763 describenda
1391 4710 1510 4762 noluerit
1531 4708 1622 4761 dicere
1643 4706 1715 4775 qnod
1738 4705 1853 4773 accipiat
1876 4703 2009 4772 symbola,
2035 4707 2065 4755 et

1094 4778 1134 4832 sio
1155 4779 1293 4833 includere
1310 4777 1453 4831 Athanasii
1475 4792 1591 4897 qnoqlue.
1631 4774 1684 4829 Sed
1706 4774 1772 4828 dicit
1793 4789 1822 4826 ss
1848 4771 1999 4842 symbolum
2020 4785 2064 4851 ac3

1094 4852 1204 4917 captare
1227 4847 1415 4917 apostolicum,
1439 4851 1467 4898 et
1488 4844 1617 4914 inteligit
1639 4860 1751 4913 parvum
1775 4841 1936 4912 symbolum.
1970 4838 2065 4893 Nostri

1094 4917 1133 4970 sio
1150 4933 1259 4985 semper
1279 4916 1384 4984 loqnnti
1406 4918 1470 4967 snut
1487 4913 1561 4983 quod
1581 4918 1755 5034 acceptarent
1775 4911 1907 4980 symbols.
1941 4907 2003 4961 Non
2021 4911 2065 4959 est

1093 4986 1223 5052 sincerus,
1237 5001 1290 5038 nec
1299 4984 1398 5051 veniat,
1409 4984 1474 5037 licet
1484 4982 1611 5035 habuerit
1622 4998 1651 5034 ss
1662 4998 1724 5034 vum
1737 4979 1906 5033 conductum.
1927 4975 1982 5042 (11.
1992 4976 2066 5045 Aug.

1094 5052 1172 5107 1558.
1208 5053 1282 5122 Epp.
1306 5052 1428 5120 νημαι·
1443 5051 1485 5106 σά.
1502 5050 1624 5105 Kousln
1640 5055 1667 5105 et
1685 5048 1776 5104 Sebott
1790 5064 1818 5116 p.
1837 5045 1909 5112 183.)

1093 5121 1188 5176 2720.
1201 5122 1230 5186 1)
1248 5123 1268 5177 ι’.
1286 5136 1308 5175 a.
1324 5122 1484 5189 motionem
1495 5119 1535 5175 od
1550 5119 1674 5174 aaran
1688 5116 1881 5184 reformationi
1890 5112 2017 5195 addidet
2033 5112 2065 5166 ia

1093 5191 1233 5256 Heluetia,
1254 5204 1324 5260 paca
1345 5191 1466 5245 creare
1481 5188 1586 5244 mutat
1601 5187 1641 5243 cd
1662 5185 1879 5241 maone·
1895 5198 1947 5251 pro
1963 5185 2062 5237 osam

1094 5260 1300 5316 sesamum
1317 5258 1527 5329 cuempiam.
