4688 5910
127 278 190 342 oar
965 277 1047 343 155:
1069 228 1295 346 sumana.
1593 317 1594 322 ι
2060 284 2125 350 ros

127 463 226 530 nitati
248 470 324 529 tuae
346 461 470 548 gratias
492 483 563 549 ago,
585 461 671 547 quod
689 463 731 528 ad
752 436 921 529 hominenl
944 463 1100 545 ignotum,
1152 463 1284 548 quidem
1302 483 1391 548 paee,
1414 463 1471 531 sed
1488 465 1589 532 variis
1607 464 1786 551 affligimur
1805 467 2006 536 rumoribus:
2028 470 2127 537 mini-

127 549 279 615 veritatie
312 556 423 614 tamen
455 556 488 614 et
520 547 593 632 piae
624 546 814 615 oonoordiae
844 547 1028 614 studiosum
1060 547 1101 615 de
1152 556 1266 614 tantur
1293 549 1413 628 multa,
1444 549 1501 616 sed
1521 552 1660 617 Domini
1681 568 1804 618 sumus.
1839 551 1907 619 Vix
1930 561 2007 620 aute
2028 576 2124 622 men-

127 634 235 704 uostri
262 634 419 718 temporis
446 633 541 719 gravi
570 633 810 711 oontroversia,
840 655 922 716 quae
950 634 1102 701 eoolesias
1152 655 1221 701 sem
1243 635 1482 701 desoeuderunt
1509 636 1544 701 in
1565 636 1746 721 Ungariam
1775 639 1880 704 nostri
1908 639 2045 706 milites:
2074 641 2124 708 ita

128 719 279 788 vannus
310 727 459 786 amantes
491 719 660 798 distraxit,
699 730 766 784 tam
799 718 900 785 libere
933 720 1101 804 scripsisti.
1152 741 1211 786 nos
1232 731 1418 805 pugnamus
1438 720 1549 805 elapso
1570 729 1715 806 tempore
1733 722 2004 793 commodissimo.
2039 725 2121 791 Edi·

127 807 183 873 Ao
202 807 343 889 optarim
370 806 417 872 sio
439 804 600 871 moderari
627 805 748 888 soripto
769 804 931 890 singulos,
962 827 1004 871 ne
1026 806 1101 890 plus
1151 814 1207 873 tus
1229 814 1279 872 est
1300 807 1335 871 in
1351 806 1496 874 Bouaria
1517 807 1609 888 liber,
1631 807 1744 875 titulo:
1767 808 2018 878 Communieuis
2035 813 2122 883 ritus

129 892 301 958 affeotibus
319 890 463 957 tribuere
480 890 671 957 viderentur
688 911 787 974 qoam
805 890 945 958 raritati.
977 892 1102 957 Existi·
1152 891 1339 972 oatholious,
1372 899 1406 957 et
1437 892 1539 958 latine
1567 901 1601 959 et
1632 893 1828 979 germanioe.
1864 895 2022 962 Latinum
2044 897 2121 963 miei

127 999 201 1043 mas
222 977 364 1042 transire
386 991 514 1042 nostros
534 978 617 1042 fines
639 975 836 1042 modestiae:
867 977 901 1041 id
923 976 1008 1061 quod
1030 977 1102 1044 fieri
1152 979 1195 1044 D·
1225 977 1343 1044 Iaeobo
1373 976 1521 1045 Derbtlle.
1576 979 1741 1045 Miserunt
1772 979 1897 1046 libellos
1929 981 2121 1049 saerifioulis

127 1071 238 1148 potest
258 1084 358 1147 quum
386 1062 535 1129 homines
562 1064 644 1142 sint,
676 1060 733 1128 sed
755 1083 861 1145 neque
882 1064 986 1129 vestri
1014 1064 1103 1129 intra
1153 1062 1264 1128 addito
1286 1062 1454 1141 mandato,
1484 1086 1525 1129 ne
1547 1063 1678 1131 diversa
1706 1066 1831 1130 ratione
1859 1067 2122 1158 eommuniopem

127 1147 292 1216 oanoellos
325 1168 396 1229 sese
428 1148 606 1213 eontinent
659 1148 732 1214 Hoo
765 1169 825 1232 ego
858 1168 924 1213 non
957 1149 1103 1214 malitiae
1176 1157 1356 1232 eragareut
1391 1149 1433 1214 In
1451 1147 1648 1216 Germanico
1666 1150 1769 1216 Duois
1785 1150 1979 1216 mandatum
2003 1159 2120 1219 exstat

127 1233 343 1302 seribentium
373 1232 495 1313 tribuo,
529 1234 586 1300 sed
614 1235 722 1317 potius
751 1233 814 1312 rei,
848 1254 930 1316 quae
959 1237 1102 1319 agitatur
1199 1235 1367 1317 ripserunt
1397 1241 1508 1299 autem
1538 1235 1580 1301 ad
1613 1255 1666 1300 me
1698 1235 1793 1301 multi
1821 1257 1864 1301 ex
1891 1236 2053 1306 nobilibus
2085 1238 2122 1303 in

128 1320 351 1395 vehementer,
374 1327 407 1385 et
424 1320 524 1386 effieit
547 1328 584 1384 ιιι
600 1332 705 1385 metae
723 1318 889 1384 interdum
908 1319 1102 1386 oblivisean-
1154 1319 1275 1385 dueatu
1301 1320 1513 1399 Borrama
1536 1327 1574 1386 ut
1601 1321 1795 1404 inspioerem
1822 1321 2049 1388 refutationem
2069 1323 2121 1388 in·

128 1412 187 1471 tur
205 1405 393 1471 seribentes.
432 1405 517 1471 Utut
537 1414 649 1470 autem
670 1407 722 1485 sit,
743 1405 844 1488 probo
862 1413 952 1470 tuam
970 1416 1101 1471 senteu-
1154 1405 1305 1471 stitutum
1333 1405 1375 1471 ab
1408 1405 1472 1470 alio
1500 1405 1655 1489 quodam,
1688 1413 1722 1472 et
1753 1405 1844 1489 prelo
1876 1407 2121 1474 oommitterem.

130 1492 227 1557 tiam:
262 1490 346 1575 quod
375 1491 414 1556 de
443 1512 479 1556 re
497 1491 609 1640 potius
638 1490 801 1576 agendum
823 1491 1007 1570 existimas,
1037 1512 1103 1576 qua
1152 1491 1289 1573 Inspexi
1316 1498 1349 1556 et
1375 1490 1487 1556 addidi
1508 1512 1590 1642 guae
1612 1491 1816 1571 videbantur,
1844 1513 1882 1559 ao
1904 1492 2016 1560 Iooobo
2036 1493 2122 1574 misi,

128 1577 165 1643 in
188 1597 224 1642 re
245 1598 305 1661 ego
327 1596 454 1659 quoque
476 1598 550 1660 pus
571 1576 678 1642 iudioo
703 1576 856 1642 utilitatis
881 1578 1103 1644 constitutum,
1153 1597 1274 1661 rogans
1295 1584 1334 1640 ut
1355 1584 1488 1660 propter
1540 1577 1635 1642 bristi
1656 1575 1795 1661 gloriam
1816 1584 1849 1642 et
1870 1577 2049 1644 multorum
2072 1599 2122 1647 sa·

218 1662 314 1743 Quod
343 1663 447 1747 igitur
468 1661 510 1727 ad
543 1661 623 1728 duas
651 1662 858 1746 quaestiones
887 1663 1017 1728 attinet:
1051 1685 1102 1729 re·
1153 1660 1256 1727 lutem
1285 1661 1319 1726 in
1341 1660 1485 1727 Bouaria
1514 1661 1702 1744 publioaret
1746 1661 1875 1728 Nomen
1896 1681 1964 1728 non
1987 1671 2038 1732 est
2064 1663 2121 1730 ad·

131 1747 292 1834 spondisti
315 1746 456 1831 quidem,
479 1747 536 1813 sed
559 1749 614 1826 ita,
636 1758 673 1813 ut
691 1747 838 1812 nondum
858 1769 878 1812 a
900 1748 1007 1831 priore
1029 1769 1101 1814 sen·
1154 1746 1260 1812 ditum
1283 1747 1421 1812 autoris:
1443 1747 1577 1832 fugiunt
1598 1748 1687 1813 enim
1698 1748 1951 1830 quamprimum
1972 1748 2122 1832 inspexe-

129 1833 235 1900 tentia
251 1834 410 1899 dimoveri
428 1834 598 1917 potuerim.
636 1833 796 1900 Conoedia
813 1833 856 1899 ali
876 1833 986 1900 fideles
1004 1854 1102 1900 earne
1153 1833 1236 1910 rint,
1265 1852 1372 1916 neque
1398 1832 1449 1897 illi
1477 1830 1683 1898 addiderunt
1717 1832 1763 1896 Ει
1790 1833 1929 1920 optarim
1956 1834 2064 1900 looum
2085 1836 2122 1902 in

128 1931 164 1987 et
186 1921 346 2005 sanguine
365 1918 491 1984 Christi
514 1919 780 1998 substantialiter,
803 1918 860 1983 sed
882 1918 928 1983 ita
950 1919 1101 2004 explioaa,
1153 1939 1217 2001 quo
1250 1917 1422 1984 exauditur
1463 1938 1531 1983 non
1562 1917 1645 1985 addi.
1699 1917 1820 1985 Latine
1856 1919 2122 2003 respondebitur:

129 2014 169 2072 ut
192 2024 259 2070 non
277 2003 317 2070 de
337 2006 508 2083 sumtione,
533 2003 589 2070 sed
607 2006 726 2071 effeotu
748 2005 856 2070 earnis
878 2012 912 2068 et
933 2006 1102 2089 sangoinis
1152 2004 1247 2069 ouius
1268 2003 1455 2086 exemplum
1478 2003 1520 2068 ad
1548 2010 1581 2069 te
1602 2004 1741 2070 mittam.
1777 2002 1831 2070 Sis
1852 2004 1954 2087 igitur
1974 2005 2123 2071 hortator

90 2116 91 2120 ¹
130 2091 256 2157 Christi
283 2090 467 2174 intelligere
489 2089 641 2156 videaris.
678 2091 792 2174 Neque
813 2089 1005 2155 mixtionem
1028 2113 1102 2157 nos·
1154 2089 1273 2167 Iotabe,
1304 2098 1341 2154 ut
1361 2088 1423 2154 hae
1445 2090 1480 2152 iu
1502 2111 1538 2155 re
1560 2090 1662 2167 nobis,
1690 2090 1757 2154 imo
1786 2090 1940 2156 eoelesiae
1960 2091 2040 2168 Dei,
2070 2090 2122 2155 in·

128 2185 200 2242 trae
222 2176 331 2243 earnis
360 2197 435 2242 oum
459 2175 584 2242 Christi
607 2198 704 2242 earne
729 2175 900 2259 fingimus:
928 2175 986 2241 sed
1015 2197 1102 2241 sum·
1153 2176 1284 2241 serviat.
1331 2175 1493 2239 Dominus
1525 2175 1574 2240 illi
1602 2175 1748 2241 vioissim
1777 2175 1965 2242 benefaoiet
2011 2174 2123 2242 Habet

128 2265 252 2328 tionem
285 2261 489 2328 affirmamus
518 2282 584 2326 non
618 2261 817 2341 naturalem,
850 2282 916 2326 non
937 2269 1102 2349 ¹eoaotam,
1153 2261 1296 2326 Bavaria
1326 2260 1492 2344 praesules
1522 2264 1561 2324 72
1590 2260 1753 2340 infulatos,
1783 2268 1822 2325 ut
1848 2267 1974 2338 vooant,
2003 2262 2123 2345 quibus

128 2348 186 2415 sed
215 2347 449 2426 voluntariam,
478 2355 512 2412 et
539 2348 578 2411 ab
607 2349 696 2412 omni
725 2368 881 2413 sensuum
909 2346 1029 2412 iudioio
1050 2369 1101 2411 re·
1153 2345 1299 2411 defertur
1330 2345 1446 2411 titulus
1475 2344 1695 2413 dominorum:
1726 2345 1764 2410 hi
1791 2345 1851 2412 soli
1878 2345 2018 2412 oderunt
2045 2367 2122 2415 oum

129 2442 262 2499 motam.
299 2433 373 2499 Hae
391 2434 424 2497 iu
443 2453 479 2498 re
498 2433 526 2497 si
543 2432 685 2498 laeditur
702 2433 796 2508 ratio,
816 2454 882 2497 non
901 2431 993 2498 illam
1009 2433 1102 2497 iurat
1153 2431 1314 2498 similibus
1347 2432 1529 2497 veritatem.
1579 2431 1713 2497 Nobiles
1746 2440 1780 2497 et
1811 2430 1959 2498 oiuitates
1992 2439 2121 2499 amant:

129 2519 215 2604 quod
248 2520 344 2602 fingit
375 2517 570 2585 absurdum:
603 2540 736 2584 earnem
765 2517 887 2582 Christi
919 2519 1102 2585 neeessario
1153 2518 1291 2600 prinoipi
1313 2517 1513 2601 supplieant,
1540 2514 1597 2582 sed
1626 2525 1701 2601 post
1721 2516 1842 2583 multas
1870 2516 2123 2600 supplioationes
2160 2586 2164 2594 ,

128 2605 322 2671 immensam
346 2626 425 2670 esse.
462 2604 588 2670 Eadem
609 2605 735 2669 ratione
757 2602 957 2682 oonoludam,
987 2603 1101 2671 Chris·
1154 2614 1186 2668 et
1220 2604 1322 2669 effusa
1352 2603 1476 2687 ingenti
1504 2603 1660 2685 peouniae
1688 2623 1817 2668 summa
1852 2601 2032 2680 (videlieet,
2063 2602 2123 2668 du·

130 2699 204 2757 tum
225 2690 289 2756 Dei
311 2691 416 2755 filium
445 2691 481 2754 iu
515 2699 609 2755 utero
631 2690 757 2755 Mariae
779 2711 844 2753 non
873 2690 989 2755 fuisse:
1019 2689 1101 2755 divi·
1153 2689 1257 2756 oentis
1278 2698 1311 2753 et
1332 2689 1468 2772 triginta
1485 2686 1611 2754 duobus
1628 2686 1774 2753 millibus
1790 2689 2003 2766 florenorum)
2020 2707 2122 2772 quum

129 2778 268 2843 nitatem
291 2778 378 2841 euim
397 2776 578 2843 dimensam
596 2784 629 2840 et
646 2776 744 2841 oertis
762 2776 858 2841 metis
876 2776 1100 2859 oireumserip-
1153 2795 1189 2840 se
1205 2774 1276 2839 voti
1297 2781 1462 2857 oompotes
1479 2774 1580 2840 faotos
1596 2780 1760 2857 putarent,
1782 2773 1837 2839 hio
1857 2773 1987 2839 libellus
2004 2773 2120 2839 editur.

130 2872 199 2928 tam
229 2872 374 2928 statuere
404 2883 535 2928 neeesse
564 2868 622 2927 est.
658 2861 735 2927 Nou
757 2882 835 2945 ergo
857 2861 1007 2926 absurdis
1028 2870 1100 2926 tan·
1152 2860 1373 2942 Impetremus
1394 2860 1495 2943 igitur
1515 2878 1535 2923 a
1556 2859 1647 2925 vobis
1668 2860 1739 2936 hoo,
1762 2866 1802 2923 ut
1822 2859 1974 2924 refutatio
1996 2858 2122 2925 edatur.

128 2958 198 3014 tum
222 2948 304 3012 moti
326 2947 507 3029 simplicem
528 2955 562 3012 et
584 2968 775 3030 expressum
793 2948 972 3030 seripturae
994 2947 1100 3012 looum
1153 2945 1308 3011 Felioiter
1329 2943 1417 3022 vale,
1448 2953 1480 3010 et
1502 2944 1542 3010 de
1563 2965 1617 3008 me
1638 2945 1685 3011 sio
1707 2952 1845 3020 statuas,
1875 2943 2027 3028 ampleoti
2048 2944 2121 3027 qui·

129 3035 203 3100 miti
248 3035 276 3098 ri
298 3035 501 3106 eonvenit.²)
537 3033 642 3099 Video
670 3041 779 3098 autem
807 3032 842 3096 in
872 3032 939 3097 tuis
960 3032 1100 3097 Institu·
1153 3031 1228 3097 dem
1249 3051 1303 3095 me
1325 3030 1444 3114 dogma
1465 3051 1485 3096 a
1507 3030 1622 3097 vestris
1644 3030 1801 3096 alienum:
1832 3028 1889 3096 sed
1919 3036 2007 3096 reete
2035 3028 2121 3096 diota

130 3121 212 3186 tioni
233 3141 274 3195 ‚us
292 3120 411 3185 rectius
429 3128 462 3184 te
483 3118 571 3201 loqui
588 3119 740 3184 caeteris:
762 3117 829 3196 sed,
851 3129 888 3183 ιιι
905 3138 1021 3183 rerum
1043 3126 1102 3183 tua
1152 3116 1292 3182 libenter
1314 3117 1474 3199 aooipere,
1502 3123 1534 3182 et
1555 3122 1746 3181 reverenter
1766 3135 1826 3180 vos
1848 3114 1961 3182 oolere.
2005 3114 2121 3181 Domi-

130 3205 270 3272 dixerim
292 3226 382 3289 pace,
406 3205 549 3270 nondum
560 3204 719 3289 perspioio
741 3203 826 3268 idem
845 3201 997 3269 tedioere
1015 3202 1101 3286 quod
1152 3224 1215 3268 nus
1247 3201 1419 3268 benedioat
1452 3202 1518 3268 suis
1551 3201 1703 3268 eeclesiis.
1740 3201 1844 3266 Ratis
1874 3197 2007 3266 Caleud.
2037 3199 2121 3285 Sep·

130 3293 328 3376 Augustana
344 3291 504 3356 confessio
523 3290 630 3357 habet.
666 3290 738 3354 Imo
756 3288 842 3373 quod
860 3288 963 3367 dooes,
982 3309 1101 3356 ooenae
1151 3289 1267 3355 tembr.
1294 3293 1385 3354 1557.

130 3377 347 3444 substantiam
380 3395 451 3441 esse
485 3375 656 3443 Christum
695 3376 819 3458 ipsum,
858 3382 970 3457 postea
1002 3373 1099 3453 tollis,

130 3483 231 3547 quum
251 3483 319 3526 non
342 3461 381 3526 de
402 3461 586 3527 substantia
606 3461 663 3527 sed
685 3461 801 3527 affeetu
823 3459 946 3526 dietum
972 3461 1100 3544 aeoipis.
1613 3507 1648 3572 Μ
1671 3507 1762 3572 minu
1793 3423 1948 3574 {hallin
1975 3509 1981 3522 .

130 3549 223 3615 Haeo
246 3569 306 3631 ego
329 3547 370 3612 ad
392 3557 423 3612 te
445 3546 546 3613 libere
568 3556 602 3613 et
624 3545 768 3625 oandide,
800 3568 864 3612 non
882 3545 981 3612 ullius
998 3546 1100 3612 homi·
1650 3529 1670 3572 ἢ
1763 3529 1779 3572 ⁸
1827 3529 1845 3574 ⁰
1950 3528 2033 3592 ΨΜ·

129 3634 183 3701 nis
206 3632 435 3698 adhortatione
457 3642 567 3699 motus
589 3633 704 3699 soribo.

217 3718 269 3785 De
283 3719 386 3784 altero
404 3720 509 3801 eapite
532 3718 625 3784 faoile
643 3718 840 3797 conveniret,
863 3718 890 3781 si
910 3726 998 3783 reete
1015 3718 1102 3782 inter

130 3827 191 3872 nos
219 3805 260 3869 de
287 3805 394 3887 primo
421 3811 584 3869 statutum
610 3810 703 3869 esset
743 3802 934 3869 Inoredulos
955 3804 1101 3886 aooipere
1537 3834 1727 3848 —-

130 3911 264 3958 earnem
286 3898 319 3955 et
340 3891 534 3974 sauguinem
557 3889 691 3969 Christi,
712 3889 838 3954 Paulus
860 3909 1012 3972 expresse
1035 3898 1099 3954 tee-

129 3984 234 4043 tatur:
268 3974 354 4059 quod
383 3983 491 4041 autem
520 3976 556 4039 in
585 3975 648 4040 illis
674 3975 788 4040 effimx
811 3996 880 4040 uon
901 3981 951 4040 est
980 3974 1100 4039 sumtio

128 4063 238 4131 earnis
271 4069 305 4127 et
339 4062 508 4145 sanguinis
529 4061 673 4138 Domini,
705 4061 904 4126 sumentium
938 4062 976 4125 iit
1008 4060 1099 4138 vitio,
1592 4105 1679 4175 2⁶97

128 4147 246 4233 quibus
275 4169 341 4212 non
371 4157 421 4213 est
449 4169 565 4231 eorpus
592 4147 773 4225 vivificum,
807 4148 883 4228 quia
910 4143 974 4210 lide
1000 4144 1099 4211 desti·
1680 4154 1690 4176 0

129 4243 278 4299 tuantur.
314 4233 368 4298 Ita
385 4234 593 4316 evangelium
615 4231 694 4298 odor
711 4242 760 4298 est
777 4233 891 4297 mortis
912 4230 1098 4297 ineredulis.
1416 4259 1619 4329 VIRETUS
1637 4257 1845 4330 OALVINO

128 4319 310 4403 Augustini
332 4319 439 4385 lotum
460 4340 526 4383 non
548 4318 677 4400 ignoro:
701 4339 760 4383 neo
780 4317 870 4382 aliud
891 4317 935 4382 ibi
956 4317 1100 4381 affirmat
1848 4310 1855 4323 ‘

129 4427 244 4490 quam:
276 4416 422 4505 paeteros
451 4415 484 4471 et
511 4404 733 4504 substantiam·
759 4412 791 4468 et
813 4402 962 4467 effectum
986 4421 1098 4502 eopse·
1235 4431 1377 4498 Bm„
1399 4434 1521 4496 „oms
1543 4434 1588 4496 ὧι
1607 4434 1643 4495 „t
1668 4428 1864 4510 ,mmm
1884 4427 1928 4493 ad
1949 4427 2119 4493 amm-0.

129 4500 257 4575 quutos,
279 4513 314 4554 ιιι
336 4490 419 4555 Iuda
441 4498 637 4555 sumnonem
659 4510 756 4588 panis
774 4489 839 4553 fine
860 4488 969 4554 fruotu
991 4488 1098 4587 fl¹¹⁸⁸⁰t
1149 4538 1204 4585 Μ
1232 4539 1253 4583 a
1281 4514 1559 4583 mmmm
1590 4518 1695 4581 watra
1728 4517 1833 4596 pssum
1863 4512 1949 4594 apud
1979 4518 2120 4578 amaeam

217 4575 301 4641 Nolo
334 4583 458 4654 tamon,
493 4575 626 4642 eolende
656 4596 716 4654 ιιι,
747 4579 795 4638 uta
828 4581 955 4640 nostros
987 4571 1099 4636 drvelh
1144 4603 1297 4688 Imm
1343 4600 1405 4668 Sed
1432 4601 1508 4667 pono
1537 4601 1643 4666 animo
1670 4599 1728 4665 :bg
1755 4604 1783 4666 α
1806 4600 1914 4682 pom
1940 4617 2067 4664 ‚mmm
2086 4617 2120 4664 30

129 4663 265 4735 animos,
290 4669 326 4726 ut
348 4682 430 4760 quae
450 4668 538 4727 reete
561 4682 581 4725 a
602 4668 635 4760 te
651 4667 685 4726 et
703 4659 820 4725 vestris
838 4657 991 4725 dieantur
1008 4657 1099 4722 dam·
1150 4688 1306 4756 micabit
1327 4707 1422 4772 quam
1443 4685 1612 4752 ,nm-sm·
1632 4684 1828 4752 amm
1848 4685 1953 4750 minm-
1970 4685 2120 4765 pagim-

129 4768 223 4813 nem:
247 4758 279 4812 et
301 4747 364 4812 hae
386 4768 421 4810 ιιι
443 4768 478 4811 re
500 4745 677 4811 modestius
699 4754 808 4811 aetum
831 4764 991 4827 euperem.
1030 4743 1100 4808 Neo

130 4832 359 4900 distrahantur
387 4831 489 4896 animi
518 4841 552 4896 et
583 4831 736 4897 eoolesiae
768 4830 854 4895 hano
886 4829 928 4895 ob
959 4848 1098 4895 oausam.

130 4917 277 5018 Oremus
300 4917 485 5019 Dominum,
507 4928 542 4982 ut
564 4919 697 5017 patefiat
714 4917 845 5015 veritas,
869 4926 908 5014 ‘et
929 4915 1002 4998 piae
1016 4934 1100 5014 oon·
1253 4978 1282 5046 3)
1300 4977 1345 5032 De
1473 4978 1549 5032 m
1666 4975 1727 5030 l··‘
1762 4973 1791 5028 B
1809 4974 1923 5029 ”mr
2013 4973 2073 5030 Η

128 5004 260 5072 oordrae
283 5011 366 5069 ratro
388 5010 525 5069 meatur.
568 5002 610 5068 In
637 5003 726 5068 hrsoe
753 5001 940 5087 regrombus
961 5002 1101 5066 frurmur
1152 5049 1264 5105 Am
1288 5047 1317 5100 V·
1344 4990 1745 5113 epfwgmmmfwfflx
1763 4990 1904 5098 Kam-
1923 4989 2012 5098 w
2030 4989 2122 5098 Vama

130 5129 337 5139 ““““-““
1152 5116 1285 5173 metanda
1314 5119 1352 5171 tat
1378 5114 1418 5169 16.
1463 5115 1507 5170 tlt.
1542 5112 1655 5169 θὼωοιι
1678 5111 1757 5178 1842,
1781 5129 1810 5182 p.
1833 5110 1869 5165 50
1893 5125 1951 5234 rep}
1988 5111 2122 5181 Menam,

235 5192 263 5260 2)
281 5194 329 5249 stc.
1156 5185 1250 5241 Ceret.
1269 5185 1318 5240 der
1334 5200 1373 5241 eo.
1393 5183 1496 5240 Kirobe
1513 5184 1548 5239 ier
1568 5180 1641 5238 nm.
1659 5181 1780 5252 Bepara
1799 5178 1920 5319 mal·
1948 5196 2000 5249 ,p
2015 5179 2067 5235 382
2081 5195 2121 5250 ag.
