4754 5880
292 313 352 374 123
1041 303 1303 371 EPISTOLAE
1325 306 1535 368 atta-2443
2226 310 2282 371 124

292 496 334 562 ad
362 497 502 579 primam
531 496 741 560 occasionem.
787 494 860 576 Ego
888 491 999 577 (sicuti
1018 501 1052 556 et
1072 501 1123 563 tu)
1143 513 1258 576 parum
1312 498 1482 575 quantum,
1500 492 1642 569 obsecro,
1661 492 1739 556 mali
1762 492 1851 557 dedit
1872 491 1913 557 D.
1936 492 2082 559 Bactrus
2103 493 2283 562 Helveticis

290 592 348 648 aut
375 582 460 645 nihil
487 599 595 662 spero:
619 580 767 662 quinimo
785 581 885 644 timeo
908 600 948 642 ex
971 577 1124 642 mediocri
1148 581 1260 642 incen·
1311 578 1377 642 illis
1399 577 1587 660 colloquiis?
1623 576 1797 658 Quaesivit
1818 599 1897 643 sane
1915 599 2026 661 pacem
2050 590 2083 644 et
2101 579 2185 644 bono
2205 601 2282 663 quo·

291 668 344 732 dio
362 669 523 732 oriturum
542 664 730 730 incendium
741 665 987 747 amplissimum.
1010 664 1065 727 llli
1085 685 1172 740 sane,
1186 684 1260 728 cum
1311 664 1385 726 dam
1409 664 1476 727 zelo
1495 663 1665 728 videbatur
1687 685 1801 729 curare
1824 664 1907 729 velle
1932 664 2054 730 vulnus
2076 666 2162 730 filiae
2184 667 2280 731 Zion:

291 754 407 837 quibus
437 752 686 834 colloquendum
719 753 789 828 erit,
813 751 866 814 vel
889 749 1142 815 vehementioris
1165 750 1259 814 adeo·
1312 748 1370 814 sed
1392 749 1753 814 eventusdocuitillum
1768 750 1993 832 imprudenter
2010 761 2044 814 et
2065 751 2151 815 male
2169 754 2280 836 egisse.

290 861 352 922 que
385 839 481 921 plane
514 838 697 903 Lutherani
726 845 805 900 sunt
836 837 969 919 ingenii,
1004 848 1040 898 ut
1071 836 1260 916 Scanatus,
1311 834 1350 899 Id
1383 833 1468 917 quod
1491 835 1560 917 ipse
1589 833 1720 899 demum
1750 835 1948 901 subobscure
1976 835 2183 918 significavit,
2207 837 2281 903 dum

290 925 452 1000 Brattias,
501 923 706 1003 Westphclus,
741 934 774 985 et
808 922 904 985 huius
932 922 1057 985 farinae
1095 922 1258 986 innumeri
1311 942 1379 985 non
1411 921 1510 984 semel
1545 921 1737 1003 rogantibus
1764 923 1846 986 viris
1866 923 1987 987 sanctis
2009 921 2048 986 de
2073 923 2133 989 hac
2155 934 2281 989 contro·

290 1011 355 1087 alii,
376 1010 427 1075 vel
450 1007 682 1087 moderatioris,
705 1007 936 1088 utPltltppus,
954 1007 1102 1082 Pacorus,
1126 1018 1160 1071 et
1180 1029 1259 1090 pau·
1312 1008 1420 1071 versia
1448 1006 1628 1087 respondit:
1674 1007 1777 1070 Video
1813 1009 1920 1071 Deum
1944 1007 2030 1073 nolle
2059 1031 2118 1092 per
2147 1031 2200 1073 me
2223 1011 2281 1075 hac

291 1097 355 1162 culi
386 1097 519 1178 aliquot.
564 1095 610 1158 Hi
639 1115 718 1157 vero
744 1116 801 1174 pro
829 1092 953 1176 ingenii
982 1093 1034 1157 sui
1056 1102 1174 1157 natura
1204 1105 1260 1158 aut
1312 1093 1348 1156 in
1370 1113 1467 1157 causa
1490 1090 1597 1157 doceri
1620 1092 1797 1158 ecclesiam.

291 1182 428 1247 mollitie
457 1181 570 1245 nolent
598 1180 672 1244 illos
701 1177 873 1244 offendere.
916 1178 970 1242 Illi
995 1201 1035 1241 ue
1065 1179 1167 1242 latum
1190 1179 1259 1261 qui·
1398 1175 1485 1260 Opto
1515 1179 1623 1258 itaque
1653 1179 1693 1243 D.
1717 1200 1737 1242 a
1759 1179 1858 1244 Lasso
1880 1178 2088 1262 prudentiam
2109 1190 2143 1244 et
2162 1203 2202 1245 ne
2225 1181 2281 1244 ali·

293 1267 366 1333 dem
395 1267 540 1331 culmum
570 1265 694 1340 cedent,
720 1266 784 1328 imo
814 1285 873 1346 pro
896 1263 1044 1328 barbarie
1067 1287 1127 1328 sua
1148 1265 1258 1330 convi·
1310 1262 1389 1347 quid
1411 1271 1515 1328 tentet
1531 1266 1625 1327 cuius
1647 1274 1760 1347 postea
1778 1286 1978 1346 peromnem
1992 1266 2093 1330 vitam
2111 1269 2280 1349 poeniteat

293 1355 417 1420 ciorum
446 1353 592 1435 plaustra
618 1353 653 1415 in
681 1372 740 1415 nos
769 1351 1002 1414 exonerabunt.
1049 1348 1116 1414 Sed
1138 1359 1259 1433 etpost
1312 1348 1408 1430 Quod
1431 1351 1548 1413 attinet
1570 1349 1609 1413 ad
1632 1351 1672 1414 D.
1704 1350 1894 1433 Verperr'am,
1916 1353 1994 1416 siis
2017 1351 2138 1435 aliquid
2161 1353 2223 1418 hac
2249 1354 2280 1418 iu

293 1440 489 1520 colloquium
523 1436 622 1519 (quod
648 1446 776 1518 etpost
809 1437 1047 1519 Marpurgense
1065 1436 1259 1518 colloquium
1312 1455 1410 1502 causa
1442 1435 1519 1517 agit,
1553 1447 1586 1499 et
1619 1436 1699 1500 D.c
1729 1436 1828 1501 Locro
1861 1437 1984 1519 aliquid
2011 1438 2051 1502 ab
2073 1439 2145 1519 ipsc
2164 1447 2279 1521 sperat,

292 1524 415 1590 factum
450 1521 614 1592 videmus)
648 1525 775 1601 scriptis
804 1521 949 1604 epistolis
978 1534 1011 1585 ct
1034 1522 1068 1584 in
1097 1521 1260 1586 cathedris
1312 1522 1527 1585 certissimum
1550 1530 1599 1584 est
1610 1522 1768 1603 optimum
1789 1525 1893 1589 virum
1918 1545 1938 1586 a
1961 1523 2060 1590 Lcsco
2082 1535 2151 1588 toto
2174 1544 2280 1589 errare

292 1612 361 1675 suis
389 1609 648 1691 triumphabunt.
697 1608 807 1690 Neque
837 1619 885 1672 est
914 1608 999 1690 quod
1029 1608 1261 1691 imaginatione
1313 1606 1401 1671 coelo
1432 1617 1465 1671 et
1493 1605 1571 1670 falli.
1618 1606 1693 1689 Ipse
1725 1610 1812 1671 enim
1839 1607 1880 1673 D.
1914 1609 2079 1692 Verpen'cs
2104 1630 2205 1674 manu
2226 1630 2281 1675 sua

294 1697 445 1779 quapiam
480 1696 572 1759 suavi
601 1693 691 1757 aliud
723 1703 756 1757 et
788 1693 904 1757 molius
922 1693 1087 1775 quidpiam
1111 1692 1261 1775 pollicea-
1313 1691 1355 1757 ad
1389 1713 1441 1756 mc
1470 1693 1608 1775 scripsit,
1638 1692 1680 1759 D.
1709 1715 1730 1757 c
1753 1694 1853 1759 Losco
1874 1703 2023 1778 satagere
2045 1715 2104 1777 pro
2127 1695 2280 1778 colloquio

291 1803 367 1846 mur
394 1782 494 1845 nobis.
534 1780 639 1844 Nimis
670 1778 750 1843 bene
771 1780 839 1843 noti
863 1790 940 1842 sunt
962 1778 1055 1843 nobis
1077 1779 1261 1843 Lutherani
1314 1778 1371 1843 sed
1400 1779 1530 1842 frustra.
1571 1778 1663 1843 Haec
1686 1779 1859 1844 verborum
1883 1781 2046 1844 sententia
2068 1781 2143 1844 fuit:
2167 1782 2280 1847 verbo·

292 1868 346 1932 isti
364 1868 431 1931 iam
453 1868 493 1931 ab
513 1866 608 1930 annis
631 1865 775 1948 triginta.
815 1865 940 1928 Verum
963 1876 1097 1946 sperant
1115 1864 1261 1928 nonnulli
1313 1886 1387 1928 rum
1420 1885 1486 1927 non
1518 1865 1658 1946 amplius
1681 1866 1823 1929 memini.
1875 1867 2060 1931 Beruenses
2099 1877 2179 1949 puto
2218 1889 2279 1931 non

292 1976 362 2018 rem
396 1953 482 2017 hanc
514 1950 747 2015 moderandam
781 1951 965 2032 principum
1000 1949 1166 2026 modestia,
1199 1971 1264 2032 qua
1314 1971 1531 2015 consensuros
1552 1951 1586 2013 in
1616 1950 1721 2015 ullum
1739 1951 1945 2033 colloquium,
1969 1963 2080 2034 utpote
2098 1953 2153 2033 qui
2176 1952 2281 2019 adhuc

291 2038 386 2105 facile
408 2038 551 2120 mitigari
574 2038 675 2119 possit
696 2036 834 2101 barbara
854 2037 1117 2101 concionatorum
1140 2037 1263 2118 asperi·
1315 2056 1475 2100 memores
1504 2045 1581 2100 sunt
1610 2045 1768 2118 quantum
1798 2037 1885 2120 ipsos
1899 2039 2114 2113 exercuerint,
2137 2039 2282 2121 quantis·

292 2133 353 2189 tas.
399 2122 465 2188 Sed
496 2122 571 2187 audi
604 2122 681 2205 quid
711 2123 765 2186 hic
797 2142 934 2205 sperem.
975 2121 1012 2186 Si
1035 2120 1074 2186 de
1103 2123 1263 2186 sententia
1314 2143 1377 2204 que
1414 2122 1567 2204 periculis
1598 2121 1800 2187 involverint
1825 2123 1944 2188 Bracari
1971 2124 2139 2206 colloquia.
2188 2123 2282 2205 Quod

292 2219 407 2276 nostra
442 2209 644 2284 cesserimus,
685 2216 741 2272 aut
774 2206 859 2290 quod
894 2207 1051 2271 hactenus
1091 2209 1262 2289 perspicue
1314 2219 1443 2271 nostros
1456 2209 1580 2285 attinet,
1600 2209 1626 2270 si
1649 2209 1799 2272 miserint
1810 2208 2016 2291 legationem,
2041 2230 2107 2273 non
2129 2209 2196 2274 alia
2213 2211 2282 2294 lege

293 2294 462 2362 docuimus
491 2295 597 2358 nescio
626 2292 742 2375 quibus
771 2293 947 2359 involucris
970 2292 1184 2368 involvamus,
1207 2293 1261 2359 bs·
1314 2294 1447 2357 mittent
1469 2315 1565 2375 quam
1587 2302 1625 2357 ut
1642 2293 1786 2372 audiant,
1804 2304 1949 2360 nostram
1968 2295 2147 2360 doctrinam
2171 2315 2283 2380 propo

294 2383 413 2465 nignos
446 2382 623 2444 sentiemus
662 2379 834 2462 principes,
868 2400 906 2445 ao
940 2380 1043 2443 forma
1074 2379 1262 2444 concordiae
1314 2387 1396 2443 nant
1419 2389 1452 2443 et
1474 2378 1658 2455 defendant,
1677 2388 1750 2443 acta
1772 2382 1915 2444 referant
1937 2402 2051 2447 rursus
2073 2380 2115 2445 ad
2135 2391 2285 2447 senatum

293 2470 355 2532 erit
388 2467 547 2531 confessio
570 2470 772 2548 Augustana.
806 2466 880 2529 Hoc
901 2465 930 2529 si
952 2485 1017 2528 non
1037 2466 1263 2546 receperimus,
1315 2475 1349 2529 et
1366 2465 1501 2548 plebem.
1536 2465 1601 2529 Hic
1618 2467 1704 2529 enim
1723 2466 1849 2548 patrius
1867 2488 1936 2531 mos
1958 2479 2018 2543 est,
2040 2487 2099 2531 nec
2118 2466 2207 2532 aliud
2226 2467 2285 2532 sibi

294 2551 498 2616 dimittemur
515 2566 551 2615 ut
584 2551 740 2616 cervicosi
762 2561 794 2614 et
827 2551 966 2633 superbi.
1013 2550 1161 2634 Ingenuo
1186 2571 1263 2616 vero
1315 2549 1504 2633 persuaderi
1526 2553 1724 2634 permittent.
1768 2552 1855 2617 Sunt
1876 2553 1962 2616 enim
1982 2564 2015 2617 et
2035 2553 2098 2635 ipsi
2121 2553 2286 2636 colloquiis

294 2637 365 2702 dico
387 2660 475 2702 nune
496 2658 549 2701 me
568 2657 633 2700 non
657 2657 750 2718 posse
778 2639 921 2719 recipere
944 2647 976 2701 et
998 2656 1172 2719 agnoscere
1191 2658 1264 2701 con·
1317 2637 1568 2719 supramodum
1599 2636 1728 2713 infensi,
1750 2637 1847 2720 idque
1869 2638 2013 2702 maxime
2035 2650 2167 2721 propter
2189 2639 2285 2704 collo·

293 2724 468 2788 fossionem
493 2724 732 2805 Augustanam,
762 2743 864 2804 quum
891 2722 930 2786 ob
949 2722 1030 2787 alias
1048 2742 1170 2800 causas,
1193 2733 1264 2786 tum
1316 2723 1391 2804 quia
1421 2732 1471 2786 tot
1499 2735 1532 2786 et
1560 2732 1654 2786 tanta
1683 2722 1802 2788 Bucari
1823 2745 1897 2788 cum
1928 2724 2088 2789 ministris
2105 2724 2286 2791 Helveticis

294 2808 334 2874 ob
361 2810 556 2891 Apologiam
585 2810 800 2885 coniunctam,
820 2818 855 2871 et
876 2807 960 2889 quod
982 2808 1078 2873 modo
1100 2830 1141 2872 ex
1167 2808 1264 2872 Wcsl-
1315 2827 1435 2891 magno
1457 2829 1531 2874 oum
1549 2807 1691 2890 periculo
1714 2819 1746 2872 et
1757 2809 1886 2892 magnis
1908 2831 1982 2875 cum
1995 2810 2152 2892 impensis
2164 2810 2285 2876 habita

290 2895 383 2981 ptari
407 2895 527 2977 scripto
557 2905 712 2975 expertus
735 2914 769 2958 es
791 2892 868 2974 quid
888 2894 943 2959 isti
964 2895 1109 2958 sentiant
1133 2894 1173 2957 de
1195 2898 1265 2959 Au·
1399 2893 1492 2958 Haec
1513 2893 1608 2959 solito
1628 2894 1789 2977 copiosius
1812 2894 1853 2959 ad
1875 2904 1908 2958 te
1932 2897 2096 2977 perscribo
2129 2907 2167 2960 ut
2188 2897 2286 2979 probe

293 2991 433 3064 gustans
454 2981 662 3045 consessione.
703 2977 799 3059 Quod
820 3000 895 3043 vero
916 2978 972 3043 ille
987 2980 1100 3044 scribit
1121 2990 1155 3044 ct
1176 2979 1264 3057 dicit,
1315 2978 1478 3062 intelligas
1500 2978 1577 3060 quid
1600 2999 1728 3061 sperem
1751 2989 1808 3044 aut
1829 2981 1967 3045 sentiam
1991 2980 2030 3046 de
2052 2981 2222 3064 colloquiis
2243 2983 2287 3048 is·

293 3066 327 3130 id
345 3067 462 3132 caeteri
480 3086 593 3131 omnes
614 3067 768 3130 sentiunt.
808 3066 858 3131 Ac
880 3065 1057 3148 experieris
1077 3085 1118 3129 ne
1142 3064 1265 3146 Philip·
1316 3065 1359 3129 tis
1388 3085 1461 3129 cum
1495 3065 1561 3130 illis
1596 3064 1790 3130 hominibus.
1830 3064 1869 3130 Si
1901 3065 2031 3131 audires
2064 3066 2207 3150 collegas
2235 3068 2286 3133 vel

289 3172 368 3233 pron
389 3151 520 3233 quidem
541 3152 604 3216 hac
630 3153 665 3215 in
688 3171 723 3214 re
745 3151 907 3215 facturum
929 3150 1013 3232 quod
1034 3170 1153 3232 speras.
1197 3151 1266 3215 Our
1316 3158 1515 3234 symmystas
1533 3158 1670 3228 nostros,
1698 3151 1794 3234 longe
1816 3152 1941 3217 acriora
1962 3151 2100 3217 audires.
2143 3153 2217 3220 Hoc
2239 3163 2286 3217 ta·

294 3249 404 3302 autem
427 3237 467 3302 de
488 3235 689 3320 principibus
711 3236 759 3301 ita
790 3236 941 3310 iudicem,
965 3235 1050 3300 audi.
1094 3237 1265 3320 Principes
1317 3256 1394 3299 men
1422 3237 1566 3320 ingenue
1594 3235 1674 3312 dico,
1705 3237 1802 3301 malle
1824 3258 1877 3302 me
1899 3238 2037 3321 colloqui
2060 3259 2134 3303 cum
2155 3240 2287 3321 papisti-

293 3323 442 3407 plerique
469 3343 509 3387 ex
528 3322 672 3404 professo
699 3330 779 3386 sunt
800 3322 993 3387 Lutherani.
1037 3320 1163 3386 Omnes
1186 3343 1265 3404 pen·
1317 3321 1457 3388 cissimis
1485 3342 1583 3402 quam
1619 3341 1691 3386 cum
1726 3322 1784 3386 hoc
1812 3322 1979 3388 hominum
2009 3345 2136 3408 genere.
2182 3325 2287 3390 Video

294 3407 373 3473 dent
405 3431 425 3474 a
457 3410 598 3474 (lassare
626 3410 786 3492 Augusto.
833 3408 921 3472 Huic
946 3406 1167 3472 exhibuerunt
1188 3428 1265 3471 con·
1318 3408 1406 3471 enim
1436 3406 1496 3471 hos
1524 3428 1655 3471 omnem
1685 3409 1816 3473 exuisse
1844 3410 2092 3486 humanitatem,
2116 3431 2155 3475 ae
2177 3410 2286 3494 deplo-

293 3494 467 3559 iessionem
498 3497 686 3577 Augustae:
714 3495 748 3557 in
770 3493 886 3558 iisdem
904 3494 1045 3559 comitiis
1067 3493 1266 3558 damnarunt
1318 3491 1420 3556 randa
1444 3514 1479 3557 se
1509 3512 1653 3558 armasse
1682 3495 1870 3576 pertinacia,
1900 3504 1937 3559 ut
1965 3495 2048 3560 nihil
2070 3494 2175 3560 dicam
2199 3518 2286 3562 acer·

294 3579 526 3663 Zwinglianos.
572 3581 640 3644 Nec
662 3591 712 3644 est
734 3578 819 3661 quod
843 3589 994 3661 putemus
1017 3580 1176 3645 sincerius
1193 3579 1265 3643 illos
1317 3578 1399 3643 bius.
1437 3579 1637 3660 Experiatur
1666 3599 1743 3644 vero
1772 3580 1841 3662 ipse
1872 3583 1912 3645 D.
1936 3602 1958 3645 c
1986 3582 2085 3647 Lateo
2103 3603 2179 3647 cum
2208 3582 2286 3660 suis,

294 3667 399 3748 egisse
422 3664 653 3748 posterioribus
670 3665 819 3730 comitiis.
860 3666 945 3728 Nam
968 3665 1092 3730 ultimis
1114 3665 1186 3730 istis
1198 3667 1285 3728 Au·'
1317 3664 1394 3745 quid
1417 3663 1503 3746 apud
1525 3685 1579 3729 eos
1601 3667 1709 3748 possit.
1740 3664 1777 3731 Si
1797 3667 1952 3750 benignos
1975 3668 2138 3732 invenerit
2159 3678 2193 3732 et
2214 3688 2286 3751 spes

294 3753 444 3835 gustanis
473 3772 586 3815 rursus
615 3751 740 3816 exclusi
775 3771 887 3815 sumus
919 3751 1126 3834 Zvvingliani.
1178 3748 1266 3831 Quid
1318 3750 1426 3832 aliqua
1447 3751 1615 3830 affulserit,
1638 3752 1759 3833 scripto
1777 3752 1851 3836 plus
1878 3752 2081 3817 effecerimus
2103 3774 2200 3835 quam
2223 3754 2286 3819 col·

294 3838 380 3919 quod
402 3839 554 3920 princeps
586 3836 852 3919 Wirteaberpicus‚
875 3837 931 3918 qui
949 3838 1016 3902 iam
1038 3846 1129 3900 tenet
1146 3838 1267 3918 prima·
1317 3835 1436 3917 loquio.
1481 3837 1550 3902 Neo
1578 3837 1743 3920 ingratum
1773 3839 1887 3902 feceris
1916 3839 1943 3902 si
1971 3839 2053 3903 haec
2078 3858 2152 3904 mea
2174 3859 2286 3904 narra·

294 3931 366 3988 tum
389 3935 421 3987 et
442 3932 531 3988 totus
554 3921 673 4004 pendet
694 3922 869 3998 aBrenlt'o,
892 3923 925 3985 in
944 3922 1107 4005 synodum
1129 3921 1266 3986 Triden·
1319 3926 1406 3986 veris
1436 3942 1495 4003 per
1524 3932 1597 3987 tuas
1619 3924 1730 3988 literas
1753 3924 1794 3988 D.
1817 3924 1936 3988 Ioanni
1957 3947 1978 3989 c
2000 3925 2109 3990 Lateo.
2149 3923 2286 3991 Deside-

293 4010 397 4073 tinam
420 4009 653 4074 confessionem
672 4007 753 4071 bene
772 4009 999 4073 Lutheranam
1021 4009 1055 4071 in
1079 4009 1141 4072 hoc
1162 4008 1267 4089 capite
1319 4018 1371 4072 rat
1399 4009 1488 4073 enim
1517 4029 1624 4072 meam
1649 4009 1762 4073 audire
1784 4010 1990 4075 sententiam.
2036 4011 2287 4094 descripturus

294 4097 384 4160 misit
396 4094 598 4176 eandemque
610 4095 796 4177 germanice
814 4107 846 4158 et
868 4093 968 4158 latine
989 4092 1107 4159 excudi
1129 4093 1265 4158 curavit.
1319 4113 1392 4158 sum
1426 4093 1483 4170 illi,
1517 4092 1573 4158 sed
1607 4093 1735 4175 quando
1770 4095 1978 4161 tabellionem
2011 4096 2133 4163 habere
2165 4099 2286 4179 possim

295 4180 459 4246 Recessus
487 4180 674 4263 imperiales
701 4199 814 4244 omnes
848 4179 969 4243 habent
990 4179 1266 4260 Zwinglianorum
1319 4179 1438 4243 nescio.
1477 4180 1527 4244 ru
1554 4182 1638 4244 l'crte
1660 4180 1860 4246 commodius
1881 4183 1943 4264 ipsi
1966 4181 2046 4247 haec
2068 4182 2285 4248 nuntiaveris

295 4266 609 4331 condemnationem.
643 4265 709 4329 Hic
731 4287 790 4348 ego
812 4285 982 4347 nunquam
1004 4263 1191 4347 persuaderi
1210 4286 1266 4347 po·
1317 4265 1359 4328 In
1388 4264 1495 4328 locum
1528 4264 1642 4347 optimi
1669 4266 1731 4330 viri
1755 4275 1788 4331 et
1811 4268 1921 4332 beatae
1943 4266 2118 4333 memoriae
2140 4268 2228 4334 senis
2245 4269 2285 4334 D.

294 4362 365 4416 tero
388 4365 423 4416 ut
446 4352 575 4418 credam
597 4351 677 4415 istos
699 4351 865 4415 tantillum
888 4348 928 4414 de
948 4351 1000 4414 his
1017 4370 1165 4415 cessuros
1183 4371 1266 4431 quae
1320 4349 1475 4416 Pelliccai
1499 4352 1679 4433 cogitamus
1716 4373 1831 4417 vocare
1860 4353 2077 4418 clarissimum
2107 4354 2216 4419 virum
2245 4355 2285 4420 D.

295 4435 492 4520 Imperatori
514 4447 547 4500 et
564 4435 746 4506 Ordinibus
768 4437 895 4518 imperii
919 4445 1011 4500 tanta
1028 4436 1212 4500 constantia
1234 4444 1267 4500 et
1320 4436 1449 4500 Petrum
1475 4435 1661 4519 Martyrem.
1681 4437 1707 4523 ὅ)
1750 4438 1912 4503 Dominus
1940 4440 2050 4506 faveat
2076 4438 2179 4505 nobis.
2220 4438 2287 4505 Ora

294 4523 526 4605 perspicuitate
544 4523 781 4587 sententiarum
798 4532 1035 4587 concesserunt.
1078 4519 1167 4601 Quid
1189 4542 1266 4604 ergo
1318 4542 1376 4604 pro
1404 4522 1496 4587 nobis
1530 4521 1719 4587 Dominum.
1764 4527 1850 4588 Ama
1879 4546 1947 4603 nos,
1978 4546 2055 4590 uam
2089 4535 2121 4588 te
2154 4547 2192 4592 ac
2214 4534 2286 4591 tuos

295 4617 398 4673 restat
420 4608 618 4691 aliudquam
643 4617 679 4671 ut
700 4629 742 4671 ex
763 4606 825 4673 hoo
846 4606 1006 4689 colloquio
1028 4609 1144 4690 ingens
1166 4606 1265 4670 detri-
1318 4627 1473 4672 amamus.
1517 4607 1600 4673 Vale
1622 4630 1696 4674 cnm
1716 4610 1866 4675 omnibus
1889 4612 2089 4696 symmystis.
2135 4610 2287 4677 Salutant

295 4704 443 4758 mentum
476 4705 508 4758 et
541 4693 679 4758 dedecus
710 4692 823 4757 redeat
854 4692 895 4757 ad
930 4692 1082 4759 ecclesias
1115 4692 1264 4757 nostras?
1317 4702 1349 4757 te
1368 4715 1406 4759 ac
1428 4702 1500 4758 tuos
1522 4696 1626 4758 nostri
1644 4716 1764 4760 omnes.
1801 4696 1917 4780 Tiguri
1940 4701 1989 4760 29.
2013 4695 2148 4779 Aprilis.
2192 4701 2285 4763 Anno

296 4778 366 4844 Nec
394 4780 521 4862 estqui
551 4800 616 4843 non
645 4778 817 4862 intelligat,
846 4800 946 4861 quum
969 4779 1146 4845 discessum
1168 4778 1267 4843 fuerit
1322 4782 1411 4843 1556.

295 4886 332 4928 re
360 4865 445 4930 male
472 4874 588 4942 serata,
618 4864 810 4931 scandalum
838 4864 972 4948 gravius
1000 4864 1146 4944 futurum
1168 4885 1266 4946 quam
1879 4867 2095 4952 Bullingerus
2117 4876 2203 4934 tuus.

296 4950 396 5016 flierit
413 4952 580 5016 hactenus.
620 4949 709 5031 Quid
738 4948 823 5032 quod
846 4971 910 5014 nou
929 4953 1051 5015 frustra
1068 4950 1167 5013 timeo
1188 4970 1265 5015 con·

297 5039 459 5102 tentiones
479 5036 518 5101 de
541 5036 687 5118 pluribus
700 5035 890 5119 dogmatum
907 5035 1067 5118 capitibus
1089 5034 1266 5101 movendas
1317 5103 1380 5142 om
1404 5018 1686 5144 offingmfflffm
1709 5021 1919 5145 mahtais&
1941 5038 2001 5104 Μ·
2019 5021 2228 5103 (femmam
2244 5038 2286 5077 W

1491 5131 1497 5144 .
1627 5106 1709 5160 qaas
1756 5108 1791 5144 c.
1850 5106 1904 5145 arsa
1928 5108 1954 5144 er
1978 5096 2089 5159 ccrtprtt
2114 5092 2235 5146 acam
2259 5096 2288 5145 ur

296 5144 393 5206 (luam
422 5124 485 5205 ipfli
518 5142 606 5186 nunc
640 5132 800 5220 putemus.
839 5123 1022 5219 ,Pmoerffl
1054 5130 1191 5221 terrem,
1212 5142 1265 5186 ¹1¹⁰
1323 5155 1450 5212 Turicum
1464 5160 1559 5227 potius
1576 5161 1686 5214 veniret.
1715 5159 1852 5224 (Schmidt
1870 5158 1927 5213 184.
1950 5160 2020 5214 Heca
2037 5161 2069 5213 ll.
2087 5158 2164 5227 301.)
2191 5162 2287 5216 Para

295 5208 454 5292 exempla.
506 5207 589 5271 Nam
624 5219 660 5271 ut
695 5206 778 5311 nihil
815 5205 921 5272 dicam
954 5207 994 5272 de
1026 5208 1265 5291 Impertahbus,
1319 5225 1458 5296 Martyris
1475 5244 1536 5295 epp.
1554 5228 1587 5281 de
1603 5228 1655 5283 tor
1672 5245 1701 5282 re
1715 5230 1827 5298 meeber
1844 5229 1899 5284 Ed.
1920 5228 1993 5298 1581,
2008 5246 2036 5297 p.
2055 5227 2123 5282 1115
2141 5244 2177 5284 se.
