4778 5888
156 358 220 421 377

157 544 275 611 saluta.
311 543 436 608 Iterum
460 544 546 617 vale,
576 543 626 607 vir
653 535 874 627 integerrime.
908 540 1019 607 Pridie
1042 543 1128 606 Nen.

155 630 230 694 Ian.
253 650 339 693 anne
361 631 407 694 M.
420 629 462 695 D.
475 628 585 694 LVII.

331 863 424 916 vetus
442 861 475 913 et
493 763 811 915 benevolusssffipqqq
828 848 1027 933 integritatis
1046 859 1128 912 tuae.

550 1141 752 1151 ...φ-...-

598 1374 696 1444 2576.

371 1529 588 1595 LEVERUS
611 1526 928 1594 BULLINGERO.

186 1680 194 1684 -
246 1703 297 1767 At
312 1702 488 1784 Arcplorem
504 1705 587 1766 cocle
606 1700 778 1765 Vesolicrsc'
795 1702 929 1775 vocatae
952 1704 986 1760 et
1003 1699 1132 1762 illerum

157 1794 267 1870 postor
278 1793 363 1864 essct,
376 1786 429 1850 lrec
447 1787 570 1866 quidem
580 1806 696 1849 meres
714 1785 872 1864 suscipere
888 1790 1017 1859 recusat,
1027 1805 1133 1848 ecum

158 1897 210 1940 ces
232 1876 299 1939 adit
320 1879 353 1937 ut
370 1893 430 1954 pre
452 1872 541 1935 virili
562 1871 606 1935 iis
626 1871 758 1935 dorcade
780 1890 813 1933 sc
834 1869 941 1934 ethra
963 1869 1079 1934 reddat.

159 2047 205 2111 (ln
224 2044 348 2097 Archivis
367 2043 556 2094 Turieensibus
575 2041 640 2094 olim
657 2058 674 2091 a
691 2041 769 2092 uobis
788 2041 963 2104 praeteritam
982 2047 1010 2089 et
1027 2038 1132 2104 neglec-

159 2124 217 2167 tam
235 2115 288 2165 iarn
308 2112 456 2180 repetimus
474 2127 489 2162 e
507 2117 580 2162 tomo
596 2110 666 2178 Epp.
685 2126 701 2160 a
717 2109 851 2161 Societate
871 2107 1036 2159 Perkeriana
1053 2105 1133 2158 editis

159 2202 188 2253 p.
206 2181 272 2247 105,
290 2181 440 2233 versionem
459 2180 590 2247 anglicam
609 2179 730 2230 invenies
748 2178 775 2228 in
794 2176 912 2243 ej.‘l.’em.
931 2175 964 2227 ll.
984 2173 1041 2226 160.
1070 2175 1132 2226 Stili

187 2252 264 2303 latini
283 2250 381 2302 menda
399 2248 488 2301 autori
507 2265 540 2300 an
559 2247 711 2298 editoribus
729 2245 872 2297 tribuenda
890 2245 944 2296 sint
962 2244 1114 2305 nescimus.)

248 2420 316 2485 Sue
338 2422 372 2482 in
397 2418 528 2483 Christo
559 2418 644 2500 patri
676 2416 901 2479 colendissimo
925 2415 965 2478 D.
989 2414 1132 2489 Heurice

159 2507 353 2589 Bullingere
382 2505 454 2568 vire
483 2504 668 2569 doctissimo
697 2510 729 2566 et
758 2501 946 2565 fidelissimo
977 2499 1131 2564 ecelesiae

161 2592 286 2658 Christi
309 2592 438 2674 pastori.
991 2631 992 2635 ,

921 2670 1045 2754 'l'iguri

249 2846 397 2913 Salutem
432 2847 606 2929 plurimam
646 2846 680 2909 in
713 2804 846 2908 Christe
880 2841 963 2907 Iesu.
1018 2840 1131 2921 Quum

908 389 912 398 ·
1011 348 1304 421 1⁶5⁷1ANUAR.

2088 354 2150 418 378

1181 542 1335 607 ecclesiae
1353 548 1484 607 nestrae
1497 542 1636 625 Angliae
1647 548 1666 583 ὓ
1683 544 1852 608 ministres
1871 540 2045 618 consultos,
2064 563 2151 606 nuno

1182 649 1219 692 ee
1243 648 1262 690 a
1284 627 1418 692 Genera
1447 648 1561 692 versus
1583 628 1764 692 Veseliam:
1796 629 1842 694 sie
1871 627 1999 691 illerum
2030 634 2151 691 statum

1182 720 1215 776 et
1236 712 1452 777 conditionem
1480 721 1577 795 atque
1599 735 1705 777 meam
1734 731 1864 779 tenuem
1892 711 2079 776 facultatem
2102 734 2152 775 re-

1182 805 1310 881 putans,
1334 807 1370 861 ut
1393 819 1451 863 nec
1469 819 1590 862 munus
1612 799 1750 880 pastoris
1775 799 1947 881 suscipere,
1970 818 2029 862 nec
2051 796 2152 862 ullam

1183 883 1386 965 diligentiam
1404 891 1460 947 aut
1477 883 1621 948 laborem
1641 883 1775 948 docendi
1796 904 1947 948 recusare
1965 904 2017 946 rue
2036 881 2153 946 debere

1182 969 1263 1032 mibi
1286 967 1423 1032 habeam
1446 990 1647 1051 persuasum.
1683 971 1807 1034 Munus
1826 971 1911 1033 enim
1932 969 2069 1050 pesteris
2092 988 2152 1032 nee

1183 1053 1262 1117 mihi
1285 1073 1346 1117 neo
1367 1054 1440 1118 aliis
1462 1075 1541 1136 quoe
1570 1054 1717 1119 consului
1742 1054 1871 1119 videtur
1893 1075 1985 1136 posse
2008 1053 2152 1118 exerceri

1184 1139 1270 1221 apud
1297 1160 1352 1203 ees
1375 1140 1426 1203 vel
1455 1140 1543 1203 inter
1572 1162 1626 1205 ees
1653 1141 1769 1222 quibus
1796 1140 2016 1203 ministerium
2045 1159 2152 1203 sacra·

1183 1234 1368 1289 mentorum
1401 1226 1602 1306 prohibetur,
1637 1234 1669 1288 et
1702 1247 1781 1289 sane
1811 1247 1894 1307 quae
1923 1225 1984 1288 Dei
2017 1224 2152 1288 verbum

1184 1309 1276 1374 decet
1298 1309 1414 1373 debere
1437 1332 1506 1374 esse
1535 1311 1570 1373 in
1593 1322 1723 1392 pastore
1745 1310 1851 1375 adhuc
1873 1312 1906 1373 in
1928 1332 1979 1373 me
2005 1330 2064 1392 ege
2086 1328 2152 1372 nen

1183 1396 1326 1478 reperio:
1349 1416 1431 1476 quae
1454 1406 1563 1460 autem
1580 1397 1737 1460 invenere
1760 1395 1839 1459 mihi
1863 1396 1938 1458 data
1959 1392 2152 1472 esseaDee,

1185 1501 1222 1544 ea
1251 1482 1358 1544 emnia
1393 1482 1548 1546 fratribus
1577 1482 1612 1544 in
1636 1481 1767 1545 Christe
1798 1479 1986 1564 rogantibus
2014 1479 2153 1543 libenter

1185 1566 1421 1649 diligenterque
1443 1566 1631 1649 impendere
1654 1566 1724 1631 Dee
1746 1568 1881 1631 iuvante
1904 1586 2072 1647 nunquam
2095 1587 2152 1628 ne·

1184 1653 1274 1734 gabe.
1311 1651 1411 1716 quta
1439 1653 1541 1736 igitur
1563 1663 1732 1734 paternam
1762 1663 1851 1716 tuam
1876 1671 1953 1733 erga
1975 1672 2026 1715 me
2055 1650 2153 1714 bene·

1185 1737 1375 1815 volentiam,
1405 1760 1502 1820 quam
1525 1739 1670 1820 aprime
1699 1748 1808 1802 nostro
1835 1743 2010 1820 congressu
2033 1735 2152 1800 hucus-

1184 1843 1247 1903 que
1270 1844 1365 1904 saepe
1388 1837 1542 1905 expertus
1565 1845 1647 1900 sum,
1682 1824 1713 1887 in
1734 1824 1912 1887 visceribus
1935 1823 2009 1886 Iesu
2028 1821 2153 1886 Christi

1184 1907 1315 1972 colende
1338 1920 1439 1991 pater,
1463 1918 1496 1972 te
1518 1929 1574 1972 ore
1594 1930 1803 1990 perseverare
1825 1928 1954 1990 semper
1976 1928 2152 1970 memorem

1184 1994 1248 2057 mci
1271 1995 1303 2057 in
1323 1994 1472 2076 precibus
1496 1995 1561 2059 tuis
1579 1994 1666 2076 apud
1677 1995 1794 2071 Deum,
1818 2006 1851 2056 et
1863 1990 2036 2074 aliquande
2054 1994 2153 2056 etiam

1183 2099 1242 2160 per
1274 2079 1387 2144 literas
1419 2088 1491 2144 tuas
1524 2079 1565 2144 ad
1595 2102 1646 2143 me
1674 2101 1805 2143 monere
1835 2089 1868 2142 et
1901 2079 2013 2142 decere
2035 2099 2088 2140 me
2117 2086 2154 2141 ut

1183 2163 1289 2228 filium
1313 2174 1416 2243 tuum,
1439 2187 1501 2248 quo
1519 2166 1635 2229 melius
1654 2164 1775 2229 discam
1795 2165 1927 2229 Christe
1945 2174 1978 2227 et
2000 2163 2153 2227 eeclesiae

1184 2251 1255 2314 eius
1283 2248 1452 2315 humiliter
1475 2251 1627 2315 alacriter
1650 2261 1681 2314 et
1710 2245 1850 2314 fideliter
1878 2250 2045 2313 inservire.
2082 2249 2153 2331 Ege

1184 2344 1292 2398 autem
1316 2358 1379 2400 neu
1403 2335 1527 2400 habens
1556 2336 1639 2418 qued
1670 2335 1728 2398 tibi
1757 2334 1933 2418 rependam
1957 2332 2154 2416 quotidianis

1185 2421 1335 2502 precibus
1364 2443 1384 2484 a
1410 2423 1479 2486 Dee
1510 2423 1618 2485 omnia
1646 2423 1730 2484 bena
1760 2422 1819 2485 tibi
1842 2432 1937 2503 atque
1960 2421 2025 2483 tuis
2053 2419 2153 2501 impe·

1183 2518 1272 2570 trare
1294 2506 1405 2571 sedule
1427 2508 1574 2572 conabor.

1275 2591 1342 2657 Oro
1365 2594 1461 2655 etiam
1493 2593 1679 2656 salutares*
1701 2612 1773 2654 mee
1803 2593 1934 2655 nemine
1963 2592 2002 2655 D.
2029 2589 2154 2652 Petram

1185 2677 1369 2760 Martyrem,
1394 2678 1429 2741 D.
1452 2677 1693 2742 Bernardinum
1723 2676 1881 2752 Oclrieem,
1905 2675 1945 2740 D.
1969 2675 2153 2739 Geolterum

1185 2774 1217 2825 et
1247 2764 1389 2845 reliquos
1412 2763 1565 2828 ecclesiae
1588 2774 1715 2827 vestrae
1738 2763 1918 2837 ministres,
1948 2762 2064 2842 quibus
2086 2782 2154 2823 om-

1184 2850 1280 2915 nibus
1303 2870 1361 2931 pre
1383 2850 1502 2913 vestris
1524 2848 1559 2911 in
1583 2869 1635 2914 me
1658 2856 1690 2910 et
1719 2848 1753 2910 in
1777 2848 1856 2911 alies
1880 2846 2007 2930 Anglos
2030 2847 2155 2911 meritis

161 2955 266 3000 essem
291 2934 447 2999 Gener-ae
476 2934 522 2997 sic
550 2931 741 2995 incumbens
771 2928 900 2993 lectioni
929 2929 963 2990 in
993 2928 1131 3009 privatis
1185 2956 1358 3018 agnoscam
1381 2955 1434 2998 me
1456 2934 1633 2999 debitorem
1657 2935 1803 2996 omnium
1827 2954 1908 3015 quae
1931 2953 2074 3014 unquam
2097 2952 2156 3015 po.

162 3020 280 3087 studiis
302 3029 334 3082 et
352 3018 487 3083 audiens
510 3037 675 3081 sermones
693 3016 955 3080 concionatorum
973 3013 1008 3075 in
1027 3012 1131 3094 publi·
1184 3026 1276 3084 tuero
1299 3021 1390 3085 vobis
1413 3028 1589 3101 praestare,
1626 3019 1726 3083 Dicas
1749 3020 1857 3096 etiam,
1890 3018 2032 3094 obem
2063 3038 2158 3081 ame

162 3108 209 3170 05⁸
239 3105 394 3181 metibus,
426 3111 464 3169 ul
493 3103 574 3167 nihil
604 3101 684 3165 mihi
718 3122 776 3182 Pl⁰
805 3120 842 3162 ⁰0
873 3109 1018 3196 tempore
1041 3097 1130 3196 Vitlss·
1184 3106 1321 3169 ealutem
1352 3109 1385 3169 in
1409 3105 1666 3170 Dominouxeri
1690 3112 1822 3168 tuaest
1846 3104 1904 3166 teti
1934 3101 2089 3180 familiae,
2119 3122 2159 3165 ac

161 3194 286 3256 baius*
308 3211 400 3273 90886
423 3210 494 3254 ⁰⁸³0
521 3189 678 3270 Opimius,
708 3197 775 3250 tam
798 3185 838 3248 td
868 3205 974 3247 meam
1002 3191 1131 3247 mstltu·
1184 3189 1323 3274 denique
1353 3191 1507 3255 honestae
1536 3188 1582 3254 illi
1613 3199 1781 3253 matronae
1809 3209 1891 3270 quae
1919 3188 2011 3252 nobis
2038 3187 2156 3270 Anglis

162 3279 285 3341 tionem
307 3297 405 3359 quam
428 3273 469 3339 ad
491 3274 643 3339 ecelesiae
665 3271 929 3368 aedificationem,
958 3279 1027 3332 tum
1051 3290 1131 3332 non·
1184 3277 1362 3357 ancillarit,
1386 3276 1438 3341 vel
1452 3276 1561 3360 potius
1582 3275 1733 3339 innuis*
1754 3273 1888 3339 aedibus
1911 3274 2028 3337 aluit’.
2064 3272 2157 3337 Deus

162 3362 245 3427 nulli
278 3361 379 3445 Angli
413 3360 615 3449 conterranai
645 3359 726 3434 mei,
759 3356 927 3439 rellg1⁰11¹⁸
960 3374 1058 3420 causa
1091 3373 1133 3417 01
1185 3371 1216 3426 te
1247 3362 1302 3426 diu
1335 3363 1427 3428 uobis
1460 3371 1569 3427 servet
1602 3360 1642 3424 ad
1677 3360 1830 3426 eeclesiae
1853 3359 1977 3424 Christi
2007 3358 2157 3423 aedifica·

163 3448 287 3531 Anglia
307 3439 475 3529 profligati·
494 3455 527 3509 et
549 3444 699 3508 Veseliae
721 3451 901 3518 manentes,
925 3441 1035 3503 literas
1058 3460 1132 3502 suas
1184 3449 1306 3511 tionem
1340 3460 1373 3512 et
1403 3446 1444 3512 ad
1477 3447 1674 3513 Antichristj
1714 3467 1851 3530 regnum
1891 3442 2154 3527 oppugnandum,

163 3535 205 3598 ad
229 3554 281 3598 me
304 3534 480 3609 miserunt,
509 3532 544 3594 in
567 3528 684 3611 quibus
706 3530 920 3610 seripserunt,
943 3547 995 3589 me
1017 3525 1132 3588 maiori
1183 3533 1277 3598 Vale,
1314 3534 1542 3616 memorati,
1572 3540 1609 3596 ut
1636 3553 1725 3597 oram
1755 3534 1789 3595 in
1818 3532 1945 3609 itinere,
1975 3530 2005 3595 4,
2029 3528 2080 3594 die
2102 3527 2155 3592 12.

162 3627 258 3704 parte
279 3618 509 3701 suffragiorum
527 3625 560 3680 et
582 3614 747 3679 communi
769 3622 866 3694 atque
885 3611 1040 3674 unanime
1057 3631 1132 3675 cen·
1184 3620 1288 3683 „uarii
1316 3625 1404 3683 1557,

163 3727 261 3771 sensu
284 3705 428 3768 emnium
450 3704 485 3767 in
507 3701 662 3766 electione
691 3699 792 3763 libera
814 3697 951 3761 electum
975 3717 1045 3760 esse
1068 3695 1132 3760 illis

163 3794 199 3856 in
225 3797 398 3878 pastorem.
434 3788 549 3869 Itaque
577 3787 672 3850 enixe
694 3805 753 3866 per
782 3783 893 3845 literas
915 3780 1077 3864 rogabant
1100 3790 1133 3845 et

162 3878 199 3940 in
223 3876 354 3940 Christe
383 3871 627 3939 obtestabantur
655 3875 691 3933 ut
718 3889 778 3934 nec
801 3888 921 3931 munus
948 3887 1131 3931 recusarem

163 3960 251 4045 qued
281 3961 387 4039 Deus,
419 3959 597 4023 exaudiens
623 3955 754 4019 illorum
792 3973 904 4035 preces
926 3960 960 4016 et
987 3953 1132 4035 dirigens

163 4047 333 4130 suffragia,
364 4045 445 4109 mihi
474 4043 687 4125 imposuisset,
717 4060 777 4105 nec
800 4040 862 4104 iter
884 4038 924 4102 ad
947 4060 1000 4102 ees
1022 4037 1131 4101 tarda-

163 4154 234 4197 rem
263 4133 316 4214 qui
344 4152 397 4194 me
424 4128 561 4194 sollicite
590 4127 830 4209 exspectabant.
867 4125 952 4187 Nam
975 4144 1074 4205 quum
1104 4124 1131 4186 is

164 4219 223 4302 qui
250 4217 311 4280 fuit
338 4223 449 4300 pastor
478 4216 541 4278 iam
570 4225 666 4278 antea
693 4233 753 4275 sua
782 4219 896 4293 sponte
924 4208 1131 4274 decesserat*

159 4314 199 4369 ‘et
232 4305 337 4368 usus*
367 4308 645 4367 sacramentorum
679 4298 888 4381 magistratus
926 4294 992 4360 illis
1030 4296 1131 4358 iuter·

166 4390 296 4453 dixerat
306 4392 332 4465 ',
345 4388 370 4471 ¹)
404 4407 456 4450 me
494 4385 647 4449 veniente
680 4392 712 4446 et
745 4390 910 4464 pastorem
949 4380 1067 4445 habere
1100 4386 1133 4443 et

165 4475 306 4559 gratiam
329 4471 415 4556 apud
436 4472 664 4555 magistratum
687 4467 727 4532 ad
750 4467 887 4532 liberum
910 4487 1003 4531 usum
1026 4485 1131 4531 saera-

165 4569 351 4626 mentorum
385 4576 593 4639 recuperare,
625 4563 683 4618 aut
715 4553 829 4617 saltem
862 4550 1032 4616 eonsilium
1066 4550 1132 4615 illis

166 4645 248 4710 utile
280 4650 314 4709 et
345 4642 565 4708 necessarium
598 4639 711 4704 audire
749 4658 844 4720 pesse
876 4659 911 4702 se
948 4638 1132 4720 sperabant

165 4732 282 4814 Itaque
311 4726 495 4794 huiusmodi
524 4728 626 4791 literis
655 4725 806 4808 perlectis
833 4723 940 4787 Deum
969 4723 1131 4799 invocans,

164 4827 240 4901 pest
260 4817 302 4881 D.
323 4813 490 4903 Qucum
509 4821 605 4895 atque
627 4810 745 4875 batres
767 4828 855 4873 meos
876 4807 948 4890 pies
969 4815 1003 4871 et
1025 4806 1133 4873 doctos

1605 3773 1696 3836 'Puus
1718 3771 1859 3835 fideliter
1879 3772 1913 3833 in
1937 3768 2071 3833 Christo

1686 3874 1784 3938 'The
1809 3875 1966 3938 Leverus.

1617 4468 1714 4538 2577.

1441 4638 1676 4708 CALVINUS
1709 4636 1891 4703 VIRETO.

1267 4818 1344 4900 Ape
1365 4816 1402 4882 dc
1429 4815 1572 4880 miserm
1595 4762 1829 4876 Polisicnsihas
1857 4808 2003 4873 mittendo
2024 4808 2079 4887 qai
2100 4811 2148 4870 to·

1181 4901 1436 5073 Immites
1463 4900 1639 4983 reperietur.
1682 4895 1810 4960 Fratris
1832 4914 1911 4958 acer
1940 4895 1975 4957 irc
1997 4891 2148 4958 waceio

165 4970 369 4984 -u—-d--v-

165 5056 297 5123 wel)
322 5054 472 5124 Asplorem
495 5051 617 5106 cuculum
639 5049 732 5104 eodm
753 5046 873 5102 conditio
895 5044 952 5111 tait
968 5050 998 5100 ot
1067 5043 1133 5098 Gol-

165 5128 267 5250 'dicht
285 5123 344 5245 di‘.
380 5112 1134 5259 clmcilt'defwrdtldilfihdlftcfftdt
1184 5178 1238 5244 (ux
1271 5175 1439 5245 scampno
1466 5172 1530 5226 coc.
1557 5171 1636 5225 coin.
1662 5168 1728 5238 404,
1754 5168 1800 5222 ror.
1826 5167 1867 5221 ae.
1896 5194 1926 5203 -
1954 5164 2047 5218 acret
2071 5164 2147 5218 erec

166 5263 271 5329 uellent,
290 5263 328 5317 ed
348 5261 404 5315 Get.
424 5260 547 5314 Martias
563 5258 689 5311 ereetum
706 5255 836 5309 indicum
854 5258 921 5307 crat.
1350 5240 1500 5298 schneider.
1517 5259 1544 5310 p.
1561 5239 1604 5296 44.
1637 5239 1733 5294 Verrio
1750 5237 1820 5307 angl.
1838 5235 1883 5289 ΠΙ.
1903 5232 1975 5298 308.)
