4754 5880
255 273 297 336 99
1009 270 1270 338 uPlsuohffl
1292 273 1504 336 2426-2427
2194 272 2254 333 100

256 458 370 524 literas
392 457 519 538 darem,
549 459 666 542 quibus
686 468 720 523 et
741 457 781 523 de
802 457 901 524 rebus
922 458 1073 541 publicis,
1103 460 1132 523 si
1154 457 1231 541 quid
1283 458 1388 540 ipsam
1406 457 1563 524 invadere
1579 458 1723 540 cupiunt,
1746 456 1779 521 id
1791 464 1841 523 est
1851 478 1968 542 puram
1986 468 2020 521 et
2036 457 2254 522 orthodoxam

257 543 340 610 mihi
358 554 560 628 compertum
583 554 678 621 esset,
700 553 734 609 et
751 542 791 609 de
808 544 938 628 privato
955 565 1067 610 rerum
1084 565 1232 609 mearum
1283 543 1477 627 religionem
1506 563 1548 608 ex
1581 551 1649 608 tota
1677 542 1832 608 Helvetia
1859 542 2041 627 profligare.
2087 541 2253 624 Quemad-

260 640 348 696 statu
370 631 464 695 fieres
486 631 605 695 certior
632 629 708 703 (hoe
733 629 823 693 enim
844 631 1000 695 memoria
1021 640 1055 695 et
1076 630 1159 695 ratio
1180 631 1232 694 in·
1282 629 1417 695 modum
1440 629 1493 695 hic
1515 651 1535 694 a
1557 629 1639 694 viris
1661 628 1724 693 fide
1746 628 1855 713 dignis
1876 629 2015 694 relatum
2037 635 2096 706 est,
2126 649 2181 692 eos
2203 648 2253 692 sa-

260 715 454 794 stitutionis,
488 736 551 796 qua
579 716 637 781 abs
670 724 702 779 te
732 715 822 780 velut
849 715 889 780 ab
922 714 1128 781 incunabulis
1157 723 1232 780 eta
1283 725 1448 780 eramento
1477 714 1635 797 pollicitos
1664 715 1762 780 fuisse
1788 715 1871 797 pesti
1900 715 2075 791 maximae,
2106 713 2255 780 dicturus
2295 732 2300 746 ³

260 822 370 884 puero,
403 809 440 863 ut
468 799 595 877 dicitur,
629 802 663 864 in
694 821 777 882 pura
805 809 838 864 θι
865 800 1048 865 orthodoxa
1074 801 1232 885 religione
1282 819 1372 865 eram
1393 800 1539 884 pontifici
1561 801 1713 877 maximo,
1742 821 1778 865 se
1799 799 1927 864 nullum
1950 820 2015 863 non
2039 806 2185 864 moturos
2207 800 2253 863 la-

260 886 455 952 informatus
477 895 510 949 ot
536 886 707 950 institutus
728 906 812 963 sum,
844 887 1004 968 efflagitat
1031 896 1064 951 et
1092 897 1169 952 tuus
1196 887 1232 950 in
1282 885 1391 968 pidem
1415 894 1451 950 ut
1472 885 1629 951 radicitus
1652 906 1669 950 e
1691 907 1751 951 sua
1778 887 1909 970 regione
1931 885 2017 950 hanc
2044 905 2254 952 sancrosanc-

260 992 314 1037 me
336 970 512 1055 singularis
535 993 634 1049 amor,
656 972 710 1053 pia
729 980 841 1036 etnon
858 973 939 1038 satis
956 971 1231 1037 laudandabene·
1282 980 1349 1034 tam
1362 970 1425 1037 Dei
1445 971 1617 1036 veritatem
1635 977 1747 1054 (quam
1770 992 1826 1036 ore
1848 991 1906 1037 suo
1928 970 2065 1053 profano
2082 970 2254 1036 haereseos

261 1057 421 1134 volentia,
451 1077 515 1140 qua
535 1056 605 1139 pios
627 1078 755 1135 omncs,
785 1066 819 1121 et
840 1078 896 1122 eos
917 1059 1060 1122 maxime
1082 1059 1137 1140 qui
1167 1059 1231 1122 tuis
1282 1058 1418 1121 crimine
1440 1056 1649 1134 insimulant)
1678 1057 1820 1122 evellant
1848 1066 1880 1121 et
1909 1055 2056 1121 funditus
2085 1057 2157 1121 eius
2180 1077 2253 1138 pro·

261 1143 413 1225 auspiciis
445 1143 481 1206 in
514 1142 640 1207 Ohristi
673 1142 857 1225 cognitione
889 1143 1086 1208 rudimentis
1118 1143 1232 1226 positis
1282 1143 1419 1208 fossores
1442 1143 1582 1207 deleant.
1627 1143 1719 1206 Haec
1740 1151 1817 1207 sunt
1837 1144 1938 1225 igitur
1956 1143 2091 1206 istorum
2113 1140 2254 1206 nefario·

259 1248 398 1312 magnos
418 1248 610 1311 progressus
631 1228 788 1305 fecerunt,
814 1230 1028 1311 prosequeris,
1051 1230 1150 1294 otiam
1172 1251 1230 1294 ex·
1282 1250 1355 1292 rum
1379 1238 1412 1292 et
1433 1228 1663 1294 sceleratorum
1685 1228 1820 1294 consilia
1841 1229 1897 1310 qui
1924 1228 1989 1291 iam
2011 1234 2182 1308 θεομαχίαν
2203 1229 2254 1291 in-

259 1314 347 1397 igit),
370 1314 479 1379 nescio
502 1322 612 1379 tamen
635 1334 698 1396 quo
720 1323 814 1395 pacto
835 1313 957 1394 factum
978 1334 1049 1380 esse
1066 1313 1172 1379 dicam
1194 1323 1231 1379 ut
1282 1314 1433 1378 stituunt
1476 1313 1543 1379 Sed
1571 1312 1735 1379 Dominus
1764 1314 1804 1378 de
1833 1312 1921 1378 coelo
1955 1313 2084 1377 illorum
2117 1326 2255 1380 conatus

259 1399 417 1465 hacteuus
439 1399 547 1463 nullas
566 1398 606 1464 ad
629 1407 661 1463 te
683 1399 869 1481 scripserim
886 1399 1048 1482 epistolas.
1081 1401 1126 1464 Et
1143 1408 1230 1465 certo
1282 1398 1419 1476 deridet,
1451 1421 1563 1464 eorum
1593 1399 1724 1465 funesta
1744 1399 1879 1466 consilia
1899 1398 2085 1482 dissipabit,
2116 1398 2254 1464 insidias

261 1485 343 1563 scio,
367 1484 400 1549 id
423 1506 486 1550 non
510 1484 575 1549 alia
597 1484 636 1549 de
659 1504 757 1549 causa
785 1484 907 1550 factum
931 1506 1002 1550 esse
1024 1506 1121 1567 quam
1143 1484 1230 1568 quod
1282 1485 1425 1568 deteget,
1454 1504 1492 1549 ac
1520 1484 1653 1549 tandem
1680 1484 1756 1550 faba
1784 1488 1836 1567 (ut
1863 1485 1981 1548 tritum
2009 1495 2059 1549 est
2085 1483 2168 1549 illud
2190 1484 2254 1550 Oo-

259 1571 319 1637 vix
341 1570 394 1636 hic
416 1571 629 1635 inveniantur
651 1571 706 1653 qui
733 1580 803 1634 tuto
825 1568 867 1634 ad
889 1591 948 1637 vos
969 1572 1135 1653 perferant
1156 1570 1229 1635 lite·
1281 1570 1396 1652 mici⁸)
1418 1569 1641 1653 proverbium)
1668 1571 1703 1634 in
1725 1592 1779 1636 eos
1801 1570 1940 1637 cudetur
1962 1583 1995 1633 ct
2016 1591 2070 1635 cos
2091 1570 2255 1635 Dominus

260 1677 324 1721 ras.
360 1656 476 1738 Itaque
505 1656 533 1721 si
563 1656 693 1731 nomine
723 1655 942 1739 negligentiae
972 1656 1031 1722 tibi
1061 1667 1230 1738 suspectus
1281 1677 1340 1722 suo
1364 1654 1476 1720 baculo
1498 1656 1603 1721 ferreo
1625 1667 1779 1721 conteret.

262 1762 334 1807 esse
356 1742 526 1824 potuerim,
549 1741 667 1805 lubens
688 1761 741 1805 me
763 1741 858 1824 culpa
869 1761 935 1806 non
949 1762 1064 1807 vacare
1081 1761 1229 1826 agnosco.
1367 1741 1464 1807 Nunc
1482 1741 1522 1805 ad
1549 1742 1605 1805 illa
1627 1743 1774 1825 prodigia
1796 1752 1829 1806 et
1849 1750 1977 1806 ostenta
2000 1740 2096 1805 redeo
2119 1740 2160 1804 de
2182 1743 2255 1823 qui-

258 1826 394 1891 Etenim
416 1828 489 1909 quis
506 1836 556 1891 ost
578 1835 644 1891 tam
667 1827 702 1890 in
725 1827 896 1893 scribendo
914 1828 1007 1910 piger
1024 1849 1122 1910 quam
1146 1827 1229 1911 ego?
1282 1826 1340 1892 bus
1363 1829 1559 1892 mentionem
1586 1827 1659 1893 feci.
1704 1826 1856 1892 Calendis
1878 1826 2051 1891 Februarii
2074 1827 2180 1890 visum
2204 1835 2257 1892 est

259 1912 371 1977 Meam
399 1921 509 1977 tamen
538 1922 667 1977 tuorum
697 1932 776 1996 erga
797 1934 849 1977 me
871 1915 1062 1977 meritorum
1085 1911 1230 1999 [οιαιιιιι-
1282 1911 1480 1977 horrendum
1504 1922 1666 1976 ostentum
1691 1912 1892 1982 Vitoduri.⁴)
1937 1913 1998 1976 Est
2027 1922 2135 1975 autem
2159 1911 2255 1975 Vito-

257 1996 376 2084 dinem]
401 1997 492 2062 nulla
509 2018 653 2080 unquam
672 1997 791 2063 delebit
811 1999 939 2063 oblivio.
975 1997 1043 2064 Sed
1066 1999 1105 2063 de
1127 1999 1230 2064 literis
1282 1997 1399 2063 durum
1422 1999 1635 2082 municipium
1656 1997 1902 2063 celeberrimum
1929 1998 1964 2060 in
1991 2017 2070 2080 agro
2088 1998 2256 2080 v'ligurino

259 2083 425 2148 hactenus.
462 2083 536 2147 Non
559 2084 647 2147 enim
670 2104 786 2150 vereor
807 2085 886 2167 quin
908 2105 974 2149 non
997 2094 1030 2148 te
1059 2083 1229 2150 scribendo
1281 2084 1388 2147 situm.
1425 2084 1504 2147 'Pale
1526 2094 1590 2149 est:
1613 2084 1649 2146 in
1667 2084 1841 2165 pinnaculo
1860 2083 1972 2165 templi
1991 2084 2061 2147 visa
2079 2094 2129 2147 est
2150 2085 2256 2149 turris

259 2168 418 2252 expleam,
452 2169 485 2233 id
513 2178 571 2245 est,
600 2170 681 2233 meis
714 2170 945 2251 scriptionibus
978 2170 1038 2234 tibi
1070 2171 1228 2236 facessam
1280 2170 1378 2252 ignea
1399 2179 1433 2233 et
1454 2170 1605 2253 flagrans,
1635 2190 1718 2251 quae
1739 2181 1852 2252 postea
1873 2189 1992 2252 magno
2014 2169 2144 2251 fragore
2166 2168 2256 2233 edito

258 2274 300 2318 ne
324 2255 442 2318 otium:
466 2255 658 2336 praesertim
680 2256 709 2320 si
731 2253 877 2320 studium
899 2276 1011 2320 meum
1033 2275 1099 2319 non
1118 2277 1227 2338 asper·
1281 2255 1314 2318 in
1348 2269 1469 2318 terram
1491 2254 1616 2331 cecidit,
1649 2255 1798 2337 ignisque
1826 2255 1859 2317 in
1891 2266 1979 2318 terra
2008 2255 2132 2318 micans
2160 2256 2255 2319 visus

257 2361 301 2405 na
342 2361 386 2404 re.
1281 2352 1339 2405 est.
1384 2339 1510 2404 Eodem
1540 2341 1696 2421 temporis
1726 2350 1891 2404 momento
1913 2360 2053 2422 magnus
2082 2340 2169 2423 ignis
2199 2362 2255 2406 ac-

200 2428 202 2433 *
342 2425 510 2509 Principio
538 2426 623 2508 quod
656 2426 697 2489 ad
731 2425 877 2509 publicas
907 2448 958 2491 res
988 2428 1119 2506 attinet,
1148 2426 1229 2494 haec
1281 2445 1397 2490 census
1420 2426 1454 2489 in
1472 2426 1640 2491 cacumine
1659 2426 1756 2490 vicini
1775 2425 1894 2489 montis
1912 2425 2073 2508 apparuit,
2096 2424 2136 2489 ad
2154 2446 2255 2506 quem

258 2511 342 2576 scias
365 2511 478 2586 velim,
512 2511 656 2575 omnium
692 2513 817 2576 animos
849 2510 903 2577 hic
933 2533 1130 2594 magnopere
1158 2534 1229 2578 esse
1280 2511 1555 2595 exstinguendum
1579 2512 1683 2575 factus
1705 2521 1755 2575 est
1781 2512 1932 2592 frequens
1954 2511 2150 2576 rusticorum
2174 2533 2255 2576 con·

260 2596 354 2661 valde
386 2596 539 2662 sollicitos
569 2617 760 2679 summoque
793 2599 910 2661 timore
943 2597 1123 2679 perculsos,
1158 2609 1228 2663 tum
1280 2618 1404 2674 cursus,
1428 2597 1484 2679 qui
1507 2597 1562 2662 ubi
1584 2596 1651 2661 illic
1669 2608 1889 2680 pervenerunt
1911 2597 2022 2661 statim
2041 2617 2082 2659 ex
2104 2598 2254 2678 ipsorum

257 2691 392 2764 propter
413 2693 542 2748 ostenta
563 2693 596 2747 et
622 2680 771 2766 prodigia
792 2704 875 2765 quae
899 2684 968 2748 visa
996 2692 1073 2747 sunt
1094 2676 1140 2750 ac*
1153 2706 1229 2767 quo·
1279 2682 1382 2747 oculis
1403 2704 1421 2747 e
1444 2691 1620 2766 conspectu
1642 2682 1785 2746 evanuit.
1820 2682 1885 2747 His
1903 2703 1982 2746 vero
2004 2680 2118 2747 diebus
2140 2683 2253 2763 prori-

257 2765 336 2832 tidie
358 2766 515 2833 videntur
542 2779 575 2833 et
601 2776 774 2851 apparent,
802 2777 875 2833 tum
903 2770 1000 2833 etiam
1024 2779 1156 2852 propter
1177 2791 1228 2834 re·
1280 2769 1343 2832 mis
1360 2769 1451 2832 ιιιιιθ
1469 2778 1519 2833 θοι
1537 2769 1626 2832 dirus
1644 2775 1794 2847 cometes,
1815 2768 1944 2851 fulgens
1965 2773 1999 2832 et
2019 2788 2193 2833 coruscans
2217 2769 2253 2831 in

257 2851 360 2918 ditum
382 2853 564 2937 legatorum
586 2854 729 2936 quinque
750 2874 924 2937 pagorum,
956 2865 992 2918 ut
1012 2866 1142 2934 vocant,
1174 2856 1228 2938 qui
1279 2853 1385 2918 forma
1412 2856 1576 2920 mucronis
1606 2864 1639 2918 et
1667 2855 1753 2918 ensis
1785 2855 1901 2936 equitis
1932 2854 2143 2935 cataphracti.
2186 2853 2254 2920 Hie

257 2938 363 3004 adhuc
396 2939 559 3005 mordicus
592 2949 624 3005 et
656 2938 838 3023 praefracte
870 2940 1063 3023 papistioam
1095 2950 1229 3005 tuentur
1279 2939 1417 3022 singulis
1428 2941 1580 3005 noctibus
1591 2941 1695 3004 maior
1707 2940 1803 3004 fiebat
1822 2954 1854 3003 et
1872 2937 2054 3023 augebatur
2067 2940 2107 3004 ab
2125 2941 2254 3004 oriente

256 3024 457 3108 religionem.
490 3027 580 3090 Ante
602 3024 726 3107 aliquot
746 3046 875 3092 menses
897 3025 1032 3090 Romam
1054 3023 1227 3110 legationis
1279 3046 1396 3090 versus
1417 3045 1567 3091 occasum
1594 3022 1742 3090 tendens.
1785 3024 1854 3089 Alii
1876 3024 1967 3104 duos,
1989 3024 2085 3089 multi
2116 3046 2151 3090 se
2184 3034 2254 3091 tres

256 3131 354 3175 causa
376 3132 395 3174 a
417 3111 485 3176 suis
506 3111 597 3176 missi
620 3109 751 3176 buerant
772 3111 813 3174 ad
836 3111 1027 3193 Neptunum
1047 3110 1140 3177 illum
1160 3113 1227 3177 Ro·
1279 3108 1399 3175 vidisse
1432 3111 1605 3175 affirmant.
1654 3107 1779 3174 Omnes
1812 3120 1922 3174 mmen
1956 3132 2022 3176 uno
2054 3131 2111 3174 ore
2144 3111 2254 3176 tristia

256 3215 389 3260 manum
412 3207 445 3262 et
465 3196 697 3280 Memphiticos
718 3197 798 3263 istos
820 3205 983 3272 cornutos,
1007 3217 1027 3260 a
1048 3218 1111 3279 quo
1133 3218 1227 3281 prae-
1278 3196 1423 3262 infausta
1444 3206 1476 3260 et
1505 3195 1649 3262 infelicia
1676 3196 1738 3260 sibi
1760 3195 1957 3260 ominantur.
2001 3194 2098 3276 Quod
2120 3197 2254 3277 quidem

255 3280 351 3347 claris
372 3282 495 3347 scilicet
521 3281 714 3348 muneribus
735 3289 768 3347 et
786 3281 957 3361 donativis,
980 3296 1016 3346 ut
1037 3283 1226 3366 loquuntur,
1279 3302 1375 3347 omen
1392 3282 1482 3346 Deus
1501 3303 1599 3347 verus
1617 3289 1729 3345 noster
1750 3278 1923 3359 ἀλεξίκακος
1944 3303 2003 3364 pro
2025 3302 2086 3346 sua
2108 3283 2254 3347 bonitate

256 3366 350 3432 ditati
372 3367 549 3450 donatique
575 3378 661 3445 sunt,
690 3367 848 3433 nimirum
876 3369 983 3433 tribus
1005 3369 1134 3434 vexillis
1156 3371 1227 3452 qui·
1278 3367 1451 3433 clementia
1477 3378 1511 3432 et
1539 3365 1760 3432 misericordia
1789 3388 1809 3432 a
1836 3367 1928 3431 nobis
1956 3379 1989 3433 et
2019 3368 2087 3433 suis
2114 3377 2252 3434 avertat.

256 3452 318 3518 bus
350 3452 475 3518 bellum
507 3461 659 3537 gererent
690 3452 849 3521 adversus
878 3453 1047 3519 Christum
1075 3465 1109 3520 et
1141 3476 1225 3521 suos.
1278 3451 1345 3518 Sed
1364 3452 1522 3536 quidquid
1544 3462 1594 3517 est
1615 3450 1700 3535 quod
1727 3461 1942 3535 consequetur
1965 3454 2024 3518 hos
2046 3453 2153 3517 crines
2176 3453 2254 3519 hor-

257 3536 346 3618 Quid
366 3540 454 3602 enim
477 3538 565 3603 aliud
587 3561 629 3604 ex
651 3539 715 3604 ista
736 3540 850 3604 Africa
871 3549 928 3604 aut
949 3537 1059 3624 Libya
1079 3542 1156 3606 novi
1178 3550 1226 3606 at-
1278 3537 1372 3602 rendi
1405 3537 1529 3616 sideris,
1564 3539 1657 3604 triste
1691 3538 1835 3619 profecto
1868 3540 1937 3603 erit.
1982 3539 2068 3604 Nam
2098 3540 2254 3621 quemad-

256 3623 410 3689 tulissent
442 3645 539 3706 quam
571 3633 756 3689 monstrum
791 3624 944 3708 aliquod?
989 3626 1084 3692 Nunc
1117 3635 1227 3691 autem
1278 3621 1411 3688 modum
1433 3644 1529 3688 nemo
1552 3623 1733 3690 comatulus
1756 3632 1815 3697 est,
1847 3634 1883 3688 ut
1906 3623 2025 3691 Graeci
2048 3624 2171 3704 dicunt,
2195 3628 2253 3708 qui

257 3708 363 3774 multa
384 3709 507 3775 nefarie
529 3720 562 3774 et
583 3710 739 3776 scelerate
760 3711 795 3775 in
817 3712 916 3776 totius
935 3711 1132 3794 reipublicae
1153 3733 1228 3794 per·
1278 3708 1461 3774 molliculus
1484 3731 1549 3774 non
1579 3710 1631 3786 sit,
1661 3709 1708 3774 ita
1730 3708 1769 3774 de
1799 3710 1860 3774 hoc
1890 3709 1995 3775 sidere
2024 3710 2118 3776 liceat
2147 3712 2252 3794 loqui:

255 3794 374 3860 niciam
396 3803 429 3859 et
449 3797 632 3860 communis
649 3796 773 3878 patriae
790 3803 915 3879 pestem
928 3816 983 3861 eos
994 3797 1101 3862 moliri
1122 3797 1222 3882 vulgo
1278 3792 1355 3867 οὔτις
1383 3795 1509 3875 κομήτης
1541 3790 1622 3869 ἰ’σιις
1650 3793 1685 3857 oo‘
1714 3794 1803 3858 κακὸν
1831 3803 1873 3878 pt
1893 3799 1965 3870 ιιῦ)
2018 3796 2116 3860 Corte
2149 3819 2254 3879 quum

257 3880 391 3945 dieitur:
424 3880 501 3947 licet
530 3901 568 3946 eo
598 3890 734 3945 ventum
763 3903 829 3947 non
858 3882 902 3947 sit
929 3892 966 3947 ut
994 3883 1036 3948 ad
1065 3903 1157 3948 arma
1185 3884 1228 3949 sit
1277 3878 1370 3945 Deus
1390 3880 1469 3946 haec
1487 3883 1583 3965 signa
1604 3891 1637 3946 et
1654 3880 1804 3966 prodigia
1825 3902 1881 3947 coe
1896 3882 1960 3947 'tus
1978 3881 2099 3945 emittit
2117 3891 2149 3946 et
2172 3883 2251 3962 edit,

256 3967 504 4042 conclamatum,
527 3975 637 4031 tamen
656 3968 778 4049 passim
795 3967 921 4032 sinistri
943 3989 1091 4034 rumores
1112 3990 1227 4034 serun·
1278 3965 1408 4031 videtur
1429 3967 1514 4031 velle
1536 3966 1622 4032 diem
1644 3967 1752 4032 dicere
1774 3965 1960 4033 hominibus
1990 3987 2026 4032 ac
2049 3967 2156 4033 dicam
2183 3968 2251 4036 iliis

256 4060 310 4117 tur
338 4061 371 4118 et
397 4053 434 4116 in
462 4051 582 4136 vulgus
609 4052 753 4135 quotidie
780 4062 988 4137 sparguntur.
1025 4052 1100 4134 Quo
1122 4055 1228 4138 magis
1278 4052 1427 4125 scribere,
1456 4072 1598 4135 suaeque
1625 4052 1829 4118 imminentis
1850 4053 1983 4119 ultionis
2005 4064 2094 4118 certa
2116 4053 2152 4117 τὰ
2174 4055 2253 4134 σιμ-

257 4145 365 4203 autem
387 4137 442 4202 hic
464 4158 577 4202 rumor
602 4139 820 4215 confirmetur,
849 4139 916 4203 iam
939 4140 1019 4205 haec
1040 4137 1128 4210 fama
1151 4161 1227 4205 con-
1276 4139 1351 4219 βολα
1372 4135 1458 4203 dare.

255 4232 346 4288 stans
369 4232 418 4288 est
447 4233 480 4288 et
506 4222 699 4306 percrebuit,
730 4223 966 4290 Solodurenses
987 4224 1227 4310 Friburgenses
1363 4222 1430 4288 Sed
1452 4222 1529 4306 quid
1548 4243 1609 4307 ego
1631 4244 1718 4288 nunc
1734 4222 1815 4290 haec
1837 4224 1879 4289 ad
1899 4234 1931 4288 te
1955 4233 2046 4288 tanta
2068 4222 2253 4290 eruditione

255 4317 289 4373 et
310 4308 498 4408 episcopum
526 4310 627 4374 istum
648 4309 864 4374 Basilienscm
887 4310 971 4376 velle
993 4310 1115 4375 bellum
1136 4309 1227 4375 Biel-
1278 4309 1426 4374 doctrina
1447 4317 1480 4374 et
1508 4309 1666 4393 singulari
1696 4311 1730 4373 in
1759 4310 1862 4375 saone
1884 4309 1986 4377 literis
2007 4309 2190 4392 cognitione
2214 4331 2253 4376 ao

254 4394 399 4460 lensibus
421 4394 572 4460 indicere.
585 4399 612 4473 ²)
655 4395 743 4461 Hinc
770 4395 850 4460 mali
877 4395 975 4461 labes.
1020 4396 1117 4461 Hanc
1139 4396 1226 4461 enim
1277 4396 1407 4477 pietate,
1441 4396 1532 4460 cuius
1561 4394 1648 4460 domi
1680 4405 1870 4473 nascuntur,
1900 4397 2014 4475 γλαῦκα
2036 4400 2078 4469 εις
2101 4394 2251 4472 litium?

255 4478 332 4544 belli
351 4500 465 4545 ansam
487 4478 604 4563 cupide
626 4481 770 4562 arripere
791 4489 960 4558 conantur,
991 4502 1054 4564 quo
1082 4483 1117 4546 in
1147 4481 1227 4546 alios
1286 4553 1483 4561 W*—

256 4564 313 4646 qui
334 4565 542 4648 evangelium
564 4567 758 4648 profitentur
785 4565 912 4630 irruere
934 4575 969 4631 et
989 4568 1130 4652 grassari
1153 4588 1227 4650 pos·

255 4651 323 4715 sint
344 4663 377 4715 ct
396 4651 557 4715 sociorum
575 4652 778 4735 papistarum
796 4653 922 4716 animos
941 4654 974 4717 iu
992 4651 1066 4718 illos
1087 4653 1226 4730 irritare,
1379 4632 1410 4764 {q
1431 4632 1838 4767 gffifflffflnffbffl·

255 4746 293 4799 ut
314 4757 380 4800 una
401 4736 521 4802 iunctis
539 4738 639 4821 copiis
657 4757 712 4802 eos
730 4738 923 4820 opprimant.
957 4738 1019 4803 Isti
1041 4738 1138 4813 enim,
1162 4759 1226 4803 non
1378 4768 1408 4838 5)
1427 4739 1513 4840 gio„
1531 4741 1623 4827 θῶας
1640 4740 1754 4840 κρμὴξης
1772 4740 1818 4827 ,ᾖα
1845 4771 1984 4839 Ampium
1998 4762 2048 4826 go,
2062 4772 2252 4840 mam„

255 4831 293 4886 ut
325 4829 438 4899 antea,
467 4824 548 4888 actis
581 4822 739 4889 cuniculis
770 4821 863 4902 clam,
897 4822 954 4889 sed
976 4833 1088 4906 aperte
1120 4844 1226 4890 arcem
1273 4841 1383 4905 frustra
1399 4843 1495 4909 quaeri
1511 4841 1590 4895 notio
1606 4841 1756 4906 affirmavit
1773 4841 1874 4906 collepo
1891 4840 2250 4909 emmerammenses,

1276 4925 1369 4963 oerum
1391 4915 1421 4962 ut
1446 4909 1540 4963 Iacob.
1564 4907 1719 4963 Cameraris'
1798 4925 1813 4962 s
1836 4909 1948 4962 laudari
1970 4910 2005 4963 ab
2031 4909 2055 4961 1.
2079 4911 2114 4963 L.
2139 4910 2252 4964 Haren-

1275 4984 1382 5031 reuterc
1408 4980 1439 5031 ιἰι
1463 4978 1562 5032 Οοιιιιιι.
1589 4979 1620 5031 ia
1639 4979 1759 5032 Arietate
1777 4979 1795 5031 'e
1817 4978 1930 5032 Meteor.
1953 4977 1971 5030 1.
1990 4979 2011 5032 1.
2056 4976 2123 5032 .81.
2160 4978 2253 5035 Paulo

358 5041 543 5124 apameam
571 5061 589 5096 a
617 5044 737 5124 capitulo
771 5042 924 5098 cavoedrali
948 5041 1105 5098 Boauleenas'
1131 5046 1227 5100 uallem
1276 5048 1357 5101 aliter
1373 5047 1539 5101 multitud
1554 5045 1628 5116 qaod
1644 5062 1677 5100 ec
1690 5044 1723 5100 G.
1741 5046 1905 5116 Pactpmere
1922 5046 2004 5129 offert
2022 4995 2252 5116 thesaurisas

257 5111 286 5168 S.
305 5111 402 5166 Imera
418 5128 444 5166 a.
463 5111 531 5166 lota
548 5113 763 5181 αιοιιιιιοινιιιιι,
787 5113 882 5166 inuitis
903 5113 1008 5167 incolis.
1043 5113 1114 5168 Iade
1131 5114 1227 5184 longua
1277 5116 1315 5169 od
1335 5114 1479 5171 Claudiae.
1498 5117 1555 5171 bell.
1576 5115 1659 5170 Getis.
1677 5113 1741 5169 243:
1766 5108 1858 5171 occsa
1880 5131 1994 5183 κομιιιης
2018 5113 2092 5172 ὅστις
2116 5109 2149 5167 oo’
2166 5117 2252 5184 pelea

254 5183 381 5251 ambages
397 5180 430 5236 de
448 5182 545 5250 quibus
563 5182 647 5235 odeas
666 5179 783 5236 Ructat.
802 5181 846 5236 VI.
865 5179 916 5234 146
933 5197 970 5235 ss.
1277 5180 1367 5240 κακός.

257 4957 459 4970 b*—
