4754 5880
103 308 143 369 11
229 344 235 354 ι
384 378 393 397 g
978 304 1223 370 1111111111.
2049 311 2089 371 74

99 498 222 567 tamen
251 511 316 555 non
345 498 382 554 ut
411 490 470 554 tibi
491 489 617 555 adulari
638 491 739 556 velim
761 489 817 555 sed
839 502 877 555 ut
898 491 1072 556 veritatem
1209 490 1342 558 Eximio
1376 512 1470 557 servo
1504 491 1567 557 Dei
1593 490 1635 556 D.
1658 491 1824 557 Gulielmo
1845 491 1976 558 Farello
2002 494 2089 576 patri

100 577 212 652 fatear,
231 597 309 658 prae
322 574 523 658 reliquorum
536 577 682 640 omnium
701 576 839 658 scriptis,
858 584 949 642 tuam
961 576 1072 641 defen·
1123 575 1204 639 mihi
1234 576 1460 642 colendissimo
1489 587 1522 641 et
1544 578 1776 643 Neoeomensis
1798 578 1950 644 ecclesiae
1971 577 2090 644 fidelis·

100 662 237 738 monem,
260 682 326 725 non
347 661 429 725 mihi
451 660 555 739 modo,
578 662 635 727 scd
653 672 685 726 et
703 660 854 726 omnibus
876 662 977 739 nobis,
1001 662 1071 744 pla·
1123 661 1205 726 simo
1227 663 1358 743 pastori.
1906 697 1909 703 ·

99 768 173 813 cere
196 757 229 812 at
250 747 388 828 probari.
433 746 571 812 Praeter
592 749 679 812 enim
708 746 865 829 placidam
887 746 977 811 illam
1002 767 1070 811 om·

99 833 194 897 nium
206 852 316 897 rerum
331 832 569 908 tractationem,
585 854 666 914 quae
680 854 746 898 non
757 840 865 915 potest
877 855 942 896 non
955 833 1071 914 cuique

123 918 202 983 roho
229 919 368 1000 probari,
402 938 453 981 res
485 917 556 999 ipsa
589 918 669 983 adeo
701 918 892 994 luculenter,
928 917 1020 982 docte
1038 929 1071 983 et
1208 917 1242 982 S.
1278 919 1367 983 Laus
1399 918 1470 982 Dec
1502 918 1557 999 qui
1590 918 1702 998 optimi
1725 918 1835 983 fratris
1857 929 1923 984 tam
1946 920 2035 1000 piam
2056 928 2090 984 et

99 940 217 1068 dextre
247 1002 439 1087 explicatur,
483 1012 521 1066 ut
553 1024 720 1086 speremus
744 1024 866 1079 omnes,
893 1003 1070 1085 plurimum
1122 1015 1188 1067 tam
1221 1002 1339 1067 fortem
1370 1024 1506 1068 uxorem
1519 1008 1544 1075 ¹)
1574 1002 1728 1068 ecclesiae
1762 1004 1912 1087 precibus
1945 1003 2087 1069 donavit.

98 1109 233 1171 operam
276 1088 359 1153 hanc
391 1097 481 1152 tuam
514 1089 600 1170 apud
634 1088 836 1154 adversarios
868 1090 1068 1154 effecturam.
1121 1087 1222 1153 Nobis
1252 1110 1377 1172 quoque
1402 1090 1571 1153 restitutae
1601 1101 1679 1153 sunt
1700 1088 1775 1153 illae
1797 1088 1837 1153 de
1859 1091 1975 1174 quibus
1993 1090 2034 1153 ad
2057 1100 2089 1154 te

98 1174 145 1239 Et
172 1179 209 1238 ut
233 1171 354 1249 videas,
378 1194 431 1238 me
454 1195 518 1238 non
542 1195 582 1238 ex
607 1175 725 1240 affectu
747 1174 891 1240 iudicare
913 1173 969 1238 sed
991 1196 1070 1239 can·
1121 1174 1325 1256 scripseram,
1360 1184 1393 1238 et
1423 1196 1443 1237 a
1471 1175 1584 1238 mortis
1617 1173 1729 1239 limine
1758 1184 1933 1240 revocatae.
1988 1174 2090 1240 Faxit

100 1257 184 1330 dide,
219 1259 290 1324 dico
323 1258 408 1341 quod
444 1260 482 1323 D.
517 1258 735 1325 Bernhardiai
764 1261 914 1324 tractatio
937 1261 1069 1324 omnino
1121 1256 1286 1323 Dominus
1307 1260 1387 1323 deus
1411 1270 1518 1323 noster
1540 1269 1577 1323 ut
1593 1259 1697 1323 vitam
1721 1281 1819 1343 quam
1838 1273 1870 1324 et
1891 1261 1955 1325 illis
1976 1270 2010 1324 et
2031 1283 2090 1326 no-

98 1343 181 1409 mihi
209 1366 274 1410 uon
302 1345 434 1427 placeat.
479 1345 552 1409 Non
579 1345 710 1427 quidem
733 1346 816 1428 quod
840 1355 1069 1427 argumentum
1121 1344 1172 1409 bis
1189 1344 1305 1408 tribuit
1328 1354 1428 1408 totam
1451 1344 1552 1426 ipsius
1574 1345 1696 1427 gloriae
1719 1367 1951 1411 consecremus.
1981 1344 2089 1412 Simul

98 1432 207 1513 ipsum
238 1442 270 1494 et
299 1431 480 1507 materiam,
514 1431 571 1494 sed
600 1430 684 1513 quod
719 1431 880 1495 tractandi
898 1431 1069 1509 rationem,
1122 1441 1220 1511 atque
1238 1429 1498 1494 intellexerimus
1516 1429 1683 1494 Euardum
1705 1440 1853 1495 nostrum
1876 1431 2089 1513 1111111111-

1841 748 2003 813 Neoeomi.

99 1526 371 1599 argumentorum
393 1516 459 1581 vim
486 1524 520 1580 et
542 1516 724 1597 explicandi
745 1516 971 1580 dexteritatem
994 1518 1069 1580 atti-

99 1614 166 1666 net.
211 1602 349 1666 Praeter
378 1601 465 1665 enim
484 1600 683 1667 dialecticam
706 1623 800 1667 suam
823 1602 933 1666 omnia
956 1601 1069 1666 viden·

99 1695 155 1751 tur
195 1687 304 1751 ieiuna
343 1685 518 1751 admodum
551 1695 584 1751 et
615 1688 673 1751 tali
706 1689 778 1753 viro
809 1708 925 1769 parum
959 1686 1067 1770 digna.

99 1772 208 1836 Velim
232 1793 309 1855 ergo
331 1792 405 1837 eum
429 1773 596 1855 pugnandi
625 1773 734 1838 locum
756 1773 829 1837 aliis
856 1773 1069 1851 committere,

99 1877 141 1922 nc
171 1878 238 1921 una
263 1879 372 1923 secum
404 1857 583 1923 doctrinam
616 1859 720 1940 ipsam
749 1857 887 1922 ludibrio
916 1871 1067 1940 exponat.

97 1942 187 2007 Boni
207 1942 365 2020 consules,
384 1944 459 2019 scio,
483 1965 587 2008 meam
607 1943 692 2008 hanc
713 1943 905 2008 libertatem.
946 1945 1069 2010 'fecum

99 2048 170 2112 ago.
211 2027 290 2092 Vidi
319 2038 352 2092 te
375 2029 544 2093 honestam
566 2028 655 2093 illius
676 2050 793 2112 operae
811 2030 845 2092 in
868 2037 923 2093 tuo
943 2050 1068 2112 quoque

99 2114 220 2196 scripto
237 2113 353 2179 fecisse
365 2116 572 2191 mentionem,
593 2113 650 2179 sed
669 2137 734 2179 non
757 2114 831 2180 talis
849 2125 899 2179 est
920 2114 1068 2197 scriptor,

99 2199 229 2280 qualem
251 2198 412 2281 putabam.
455 2198 579 2264 Galeinc'
600 2201 696 2265 etiam
718 2199 892 2265 secundam
911 2199 1068 2265 defensio

99 2305 175 2349 nem
203 2284 276 2367 legi,
304 2287 358 2367 qui
392 2306 468 2350 suos
497 2306 625 2368 semper
650 2285 749 2349 hahet
769 2285 923 2367 loquendi
945 2285 1066 2362 modos,

100 2390 237 2451 quorum
259 2370 383 2452 aliquos
400 2370 493 2435 video
512 2380 545 2434 te
567 2391 691 2454 quoque
713 2373 748 2435 in
770 2382 827 2436 tuo
849 2381 987 2447 notasse,
1000 2371 1067 2436 imo

100 2454 280 2536 explicasse
309 2457 444 2538 scripto,
478 2464 588 2538 utpote
616 2457 701 2539 quod
732 2457 906 2539 distinguit
928 2456 1066 2538 quodam

100 2538 193 2605 modo
223 2541 310 2605 inter
338 2541 435 2605 fidem
466 2551 499 2606 et
525 2542 809 2608 manducationem
828 2541 961 2608 Christi.
1013 2543 1067 2607 In-

100 2633 188 2690 terea
211 2634 319 2690 tamen
343 2625 481 2691 cordatis
503 2629 652 2693 omnibus
679 2649 714 2692 sc
746 2629 853 2710 ipsum
871 2627 1066 2707 explicando

98 2711 265 2777 satisfacit.
299 2712 432 2793 Quanta
451 2734 529 2778 vero
550 2715 585 2778 in
607 2713 663 2778 illo
687 2714 736 2779 vis
748 2712 938 2796 pugnandi?
961 2724 1063 2795 quan·

99 2805 150 2861 tus
177 2796 352 2862 verborum
381 2796 490 2862 fervor
515 2808 547 2863 et
575 2798 737 2881 impetus?
767 2806 888 2881 quanta
910 2800 944 2862 in
968 2797 1065 2863 dimi·

99 2880 201 2946 cando
234 2881 383 2965 agilitas?
428 2884 542 2949 Metuo
569 2906 610 2949 ne
643 2884 695 2949 hic
724 2905 849 2967 quoque
871 2885 914 2948 sit
935 2884 1066 2960 nimius,

1121 1517 1257 1592 venisse,
1280 1516 1483 1580 monebimus
1504 1516 1598 1579 illum
1619 1515 1674 1580 dili
1699 1527 1801 1581 enter.
1834 1516 1974 1581 Interim
1995 1537 2087 1581 cura·
2195 1526 2198 1544 ¹

1121 1601 1227 1665 bimus
1239 1611 1275 1664 ut
1286 1601 1446 1684 intelligat
1457 1599 1543 1683 quod
1555 1600 1595 1663 ad
1607 1622 1658 1664 me
1671 1538 1710 1666 de
1722 1623 1822 1666 uxore
1835 1613 1866 1666 ct
1878 1602 1975 1667 filiolo
1987 1604 2087 1686 scrip-

1120 1687 1199 1751 sisti.
1229 1686 1281 1751 De
1298 1688 1400 1769 ipsius
1418 1687 1613 1768 profectione
1631 1690 1750 1768 optime
1768 1708 1871 1769 spero.
1901 1687 1932 1751 N
1934 1708 1986 1751 am
2003 1688 2088 1753 laeta

1120 1772 1262 1853 quotidie
1292 1774 1467 1855 accipimus
1490 1772 1529 1835 de
1552 1773 1633 1836 miro
1656 1773 1865 1838 ecelesiarum
1886 1775 2087 1839 incremento

1120 1857 1155 1920 in
1184 1858 1334 1922 omnibus
1364 1857 1493 1923 Galliae
1523 1858 1680 1939 partibus.
1734 1856 1853 1922 Mirum
1883 1859 1918 1922 ni
1940 1869 2087 1924 extrema

1120 1964 1206 2007 nunc
1239 1944 1379 2008 tentabit
1411 1941 1523 2021 Satan,
1556 1945 1610 2025 qui
1643 1943 1808 2008 Herodem
1838 1965 1912 2007 cum
1939 1944 2048 2008 Pilato
2058 1947 2086 2021 ³)

1120 2028 1291 2092 coniunxit
1323 2028 1363 2091 ad
1389 2027 1636 2110 opprimendum
1670 2028 1849 2093 Christum.
1900 2028 1965 2093 Sed
1995 2030 2087 2095 Deus

1120 2125 1231 2177 noster
1251 2115 1284 2177 111
1307 2115 1405 2179 coelis
1427 2125 1476 2177 est
1497 2115 1553 2196 qui
1571 2113 1728 2178 Satanam
1752 2114 1842 2179 brevi
1870 2115 1931 2179 sub
1954 2113 2087 2197 pedibus

1118 2199 1238 2264 nostris
1266 2210 1420 2264 conteret.
1469 2199 1590 2275 Nostri,
1615 2199 1888 2282 quemadmodum
1911 2207 1943 2264 et
1972 2202 2085 2278 vestri,

1119 2285 1180 2347 toti
1202 2303 1304 2366 paene
1326 2287 1459 2349 suntin
1477 2305 1514 2348 eo
1537 2294 1574 2348 ut
1594 2287 1731 2349 miseros
1749 2285 1879 2349 exsules
1901 2287 2083 2369 profligent.

1118 2368 1233 2452 Itaque
1264 2372 1410 2453 suspicor
1449 2370 1627 2434 Dominum
1660 2371 1748 2434 aliud
1780 2371 1960 2452 hospitium
1992 2372 2085 2437 nobis

1119 2475 1243 2536 parare,
1272 2454 1325 2519 vel
1353 2454 1471 2520 idcireo
1502 2454 1651 2520 fortassis
1680 2478 1722 2520 ne
1744 2457 1847 2538 ipsius
1870 2458 1920 2520 ira
1937 2456 2084 2521 involva-

1119 2539 1203 2604 mur.
1247 2541 1332 2605 Nam
1355 2542 1391 2604 in
1413 2542 1476 2605 ista
1497 2540 1668 2605 hominum
1691 2539 1875 2623 praefracta
1896 2538 2031 2625 perfidia
2052 2552 2086 2606 et

1119 2623 1237 2690 duritia
1271 2628 1343 2708 quis
1381 2647 1448 2691 non
1485 2624 1724 2692 animadvertat
1764 2628 1935 2691 manifesta
1974 2626 2084 2692 iudicii

1119 2710 1307 2794 praesagia?
1351 2712 1392 2775 In
1422 2710 1519 2775 Virefi
1549 2714 1652 2777 nostri
1674 2732 1770 2776 eausa
1778 2714 1806 2791 ⁴)
1828 2711 1906 2794 quid
1928 2721 2084 2776 nontam

1118 2809 1226 2862 actum
1248 2816 1344 2878 quam
1363 2807 1565 2862 transactum
1586 2798 1629 2862 sit
1646 2806 1725 2880 puto
1745 2808 1777 2862 te
1798 2797 2005 2862 intellexisse.
2029 2798 2083 2862 Ex

1118 2902 1190 2946 mec
1212 2881 1341 2964 quidem
1363 2881 1496 2947 consilio
1519 2882 1600 2946 nihil
1622 2883 1816 2966 hicgestum
1838 2890 1897 2961 est,
1920 2882 2082 2965 quianon

98 2977 130 3031 et
161 2968 286 3049 impetu
316 2970 434 3051 magis,
463 2990 562 3052 quam
594 2991 654 3035 nos
688 2969 807 3047 deceat,
829 2970 961 3034 feratur.
999 2968 1066 3035 Sed
1117 2968 1245 3048 privata
1267 2968 1460 3033 sedOhristi
1479 2989 1577 3033 causa
1598 2968 1762 3052 agebatur,
1782 2968 1838 3049 qui
1859 2969 1896 3032 in
1913 2989 2018 3034 casses
2034 2969 2082 3033 ita

98 3052 162 3118 tale
180 3062 231 3119 eet
253 3055 420 3137 ingenium
439 3055 517 3120 eius.
550 3055 642 3121 Haec
664 3055 746 3119 mihi
767 3055 917 3136 inprimis
939 3057 974 3119 in
995 3056 1065 3138 ipsc
1117 3054 1218 3117 istum
1229 3053 1411 3118 coniecerat
1428 3063 1464 3116 ut
1487 3052 1571 3118 elabi
1593 3054 1656 3119 nisi
1675 3053 1858 3117 volentibus
1879 3054 1971 3119 nobis
1988 3053 2082 3118 nulla

97 3137 237 3221 placent,
271 3160 353 3222 quae
386 3142 420 3204 in
449 3140 513 3205 fine
543 3142 611 3206 fera
642 3141 682 3206 de
704 3141 831 3222 privata
852 3138 1065 3218 absolutione,
1118 3138 1243 3202 ratione
1264 3151 1383 3222 posset
1418 3137 1485 3203 Sed
1504 3139 1577 3204 aliis
1599 3137 1761 3205 creditum
1782 3147 1833 3203 est
1853 3139 1962 3219 potius
1984 3160 2082 3221 quem

98 3226 247 3288 examine
270 3234 346 3290 ante
368 3245 511 3302 coenam,
534 3247 635 3292 coena
653 3226 694 3291 ad
717 3236 866 3309 aegrotos
889 3225 1066 3292 deferenda
1117 3223 1208 3287 mihi.

98 3318 154 3374 ete.
180 3310 320 3392 scripsit.
355 3311 457 3376 Vides
479 3313 587 3394 itaque
605 3334 656 3377 me
668 3312 785 3395 legisse
807 3311 896 3389 haec,
919 3320 952 3376 et
970 3312 1065 3394 quale
1090 3317 1105 3336 ¹·
1202 3309 1310 3374 Abelis
1329 3309 1613 3394 uestri⁸)mortem
1633 3307 1760 3387 audisti,
1779 3311 1902 3392 opinor.
1934 3307 2081 3391 Sequuta

97 3394 138 3459 sit
169 3416 279 3459 meum
313 3396 478 3462 iudicium.
523 3400 573 3462 'Pu
606 3399 681 3464 boni
711 3397 849 3462 consule.
891 3396 974 3475 Tibi,
998 3419 1064 3462 non
1117 3402 1165 3459 est
1178 3394 1277 3460 Fabri
1297 3395 1456 3461 abdicatio
1467 3402 1599 3477 propter
1617 3404 1812 3459 attentatam
1824 3394 1992 3460 cuiusdam
2011 3415 2081 3459 ma-

96 3479 168 3544 aliis
202 3481 307 3546 scribo
329 3491 362 3546 et
395 3484 440 3547 sic
470 3504 594 3567 quoque
622 3483 662 3548 de
687 3483 760 3547 aliis
782 3483 895 3560 iudico,
914 3484 1065 3565 quoniam
1116 3485 1268 3556 tronael)
1280 3478 1479 3562 pudicitiam.
1509 3480 1542 3544 Is
1565 3500 1680 3544 vereor
1701 3502 1742 3544 ne
1763 3480 1952 3546 inhostium
1974 3489 2083 3545 casua

95 3568 182 3647 ipsos
205 3565 315 3650 diligo.
354 3568 446 3632 Vale.
472 3604 1065 3617 ----------
1116 3565 1328 3649 transfugerit
1361 3575 1395 3629 et
1425 3566 1496 3629 istis
1528 3563 1686 3630 incendiis
1720 3564 1871 3647 frigidam
1905 3564 2082 3632 suffundat

96 3685 135 3696 -
156 3688 196 3698 -
223 3689 262 3698 -
281 3653 409 3717 Bernae
437 3659 482 3717 15.
506 3654 618 3719 Martii
640 3654 729 3718 1516.

775 3790 801 3854 Ι.
825 3788 868 3853 H.
892 3798 976 3855 tuus.

482 4080 685 4092 α*

532 4299 627 4370 2111.

401 4453 521 4518 ΒΕΖΛ
544 4453 772 4520 FARELLO.

179 4620 350 4688 Eraerdum
378 4624 547 4706 profectum
574 4626 686 4709 pauca
718 4631 745 4689 et
774 4628 891 4708 optimc
924 4647 1062 4709 quaeqae

95 4707 131 4770 de
166 4707 277 4772 Gellio
309 4715 421 4791 sperat.
469 4711 733 4775 cccccccccc
760 4713 915 4776 ministris
945 4714 1060 4789 11111111,

94 4792 190 4857 altero
210 4800 341 4870 mortuo,
364 4796 458 4860 allero
478 4795 626 4860 actaeo.
671 4796 759 4860 Inter
783 4799 876 4861 caria
906 4797 973 4862 clia
1001 4798 1062 4863 cbi-

94 4884 138 4942 1111
168 4878 322 5031 delozblzgs
335 4886 363 4944 ef
391 4901 469 4946 suas
501 4880 638 4946 Tabulata
665 4890 814 4947 manaae
835 4884 958 4948 1111111111
979 4882 1062 4948 Ber-

94 4983 182 5029 nense
323 5016 329 5029 .

95 5135 148 5200 (Ex
166 5136 335 5205 autographo
360 5138 538 5191 bibliothecas
561 5144 700 5206 pastorum
718 5137 951 5193 Neoeomensium.
980 5139 1063 5194 Edita

254 5217 296 5257 eat
314 5206 341 5257 in
362 5206 423 5260 Vita
440 5208 527 5259 Besae
545 5207 658 5260 Baumio
676 5212 770 5261 autore
789 5208 808 5261 1.
826 5206 900 5273 456.)

1117 3650 1272 3716 Genavae
1294 3659 1326 3714 te
1345 3671 1414 3715 esse
1436 3670 1589 3733 euperem
1608 3659 1644 3713 ut
1657 3648 1823 3716 (1111111111
1844 3662 1993 3714 nostrum
2010 3670 2084 3714 con-

1115 3738 1271 3814 firmares,
1293 3738 1348 3818 qui
1366 3737 1401 3800 in
1423 3736 1594 3817 postremis
1615 3735 1657 3800 ad
1686 3736 1825 3801 Virctum
1846 3749 1995 3801 nostrum
2012 3734 2083 3800 lite-

1115 3820 1198 3904 1117)
1227 3840 1293 3886 non
1315 3822 1450 3887 obscure
1479 3820 1640 3902 significat
1662 3842 1696 3885 se
1719 3821 1758 3885 de
1779 3841 1907 3886 secessu
1929 3821 2080 3904 cogitare.

1115 3907 1251 3973 Utinam
1274 3907 1355 3971 mihi
1372 3906 1455 3971 mori
1473 3905 1568 3970 liceat
1588 3907 1776 3988 priusquam
1798 3903 1832 3969 id
1843 3905 1981 3972 eveniat
2014 3905 2081 3971 Sed

1116 3993 1178 4056 hoc
1201 3994 1287 4057 inter
1315 4014 1374 4057 nos
1406 3992 1528 4057 dictum
1556 3992 1609 4057 sit.
1654 3992 1751 4057 Oerte
1779 4002 1873 4055 tuum
1901 3990 2081 4055 adventum

1116 4078 1222 4161 magis
1249 4078 1470 4143 necessarium
1500 4085 1578 4160 puto
1600 4097 1697 4159 quam
1720 4098 1864 4159 unquam
1882 4075 1971 4140 alias.
2016 4076 2081 4139 ’111-

1116 4163 1209 4229 bulas
1237 4164 1464 4246 1111111811).
1488 4161 1646 4227 Blamero
1670 4174 1704 4227 et
1730 4161 1790 4227 tibi
1818 4172 1985 4244 tantopere
2005 4181 2081 4242 pro-

1117 4338 1319 4345 *—

1116 4451 1202 4505 2411.
1220 4451 1245 4516 l)
1264 4452 1384 4506 Bararus
1402 4451 1439 4506 N.
1456 4450 1534 4516 2393,
1553 4458 1607 4506 aot.
1625 4448 1649 4503 8.

1217 4519 1247 4584 2)
1267 4520 1412 4574 1111111111.

1216 4587 1390 4656 3)(1111111111
1414 4588 1444 4642 V.
1462 4594 1486 4642 ef
1504 4587 1650 4641 Hmrfcum
1671 4585 1714 4638 ΙΙ.

1214 4657 1322 4722 41111111
1347 4656 1489 4721 Vandalic,
1514 4655 1547 4708 de
1568 4672 1624 4726 quc
1647 4657 1794 4722 scriptores
1816 4651 1888 4705 11111111
1917 4651 2004 4706 Viretr‘
2022 4653 2081 4717 sere

1114 4726 1191 4781 1117111.
1258 4734 1260 4737 ’

1216 4794 1244 4860 ὅ)
1264 4792 1290 4845 d.
1309 4792 1333 4845 5.
1352 4791 1455 4846 Martii
1471 4791 1599 4857 1111111111.

1215 4862 1245 4927 6)
1263 4862 1290 4915 la
1306 4861 1402 4927 femme
1415 4862 1448 4914 de
1458 4860 1546 4915 1111111
1555 4860 1691 4930 laqueato.
1710 4855 1963 4925 (1111101119.
1975 4856 2078 4924 Mers.)

1216 4930 1245 4997 ’1)
1263 4930 1419 4998 deperditis.
1446 4926 1502 4983 Gar
1511 4930 1579 4983 odeo
1597 4930 1716 4983 1111111111
1726 4925 1898 4994 desponderit
1916 4942 1971 4979 noa
1989 4925 2079 4994 liquet.

1115 5001 1152 5055 111
1174 5006 1285 5054 cenulas
1307 5000 1508 5053 commentariis
1525 4997 1648 5052 1111111111
1670 5012 1735 5075 11111ι
1757 5000 1866 5062 praeter
1883 5009 1916 5047 ca
1933 5009 2002 5064 quoe
2024 4996 2080 5074 111111

1114 5072 1193 5124 cosli.
1229 5068 1305 5121 Besa
1321 5068 1351 5120 r'n
1378 5067 1438 5120 Vita
1455 5067 1493 5120 ad
1509 5068 1535 5120 11.
1553 5083 1597 5121 e„-
1615 5067 1709 5119 Annus
1728 5070 1780 5116 rste
1798 5064 1833 5115 ob
1851 5063 1981 5115 tumultus
1998 5080 2014 5114 a
2032 5080 2080 5117 mi·

1114 5139 1207 5192 niatris
1224 5137 1278 5190 illis
1295 5136 1414 5188 factiosis
1432 5136 1566 5190 nonnullis
1584 5136 1717 5188 excitatos
1737 5132 1814 5185 valde
1832 5131 2011 5184 turbulentus.

1217 5205 1247 5272 a)
1266 5204 1307 5260 11.
1325 5202 1401 5257 aare.
