4778 5888
283 303 345 366 303
1029 295 1290 364 uplsrolmls
1313 300 1523 362 2540-2542
2211 295 2271 358 304

282 487 387 553 tribus
421 506 505 570 pane
561 494 680 570 otuque
713 486 842 552 coelesti
878 487 1074 552 esurientem
1107 486 1250 550 animam
1302 506 1430 550 marum
1452 496 1581 569 pastum
1605 488 1728 552 esurire
1750 493 1784 550 et
1804 483 1900 549 avide
1927 483 2010 549 illud
2038 483 2203 566 suscipere
2224 483 2271 547 vi·

281 576 458 650 reficerem,
476 509 620 637 redditae
638 576 715 636 sunt
733 571 813 636 mihi
832 571 946 637 literae
965 571 1098 658 quasD.
1113 571 1250 637 Oarolus
1301 567 1405 650 deam,
1435 571 1560 654 gaudeo
1582 593 1661 638 sane
1683 571 1826 638 oblatam
1848 571 1931 635 mihi
1953 570 2154 636 occasionem
2177 586 2272 633 exco-

284 658 455 735 Paaseliua,
479 669 587 722 vestro
610 658 754 722 omnium
776 657 919 736 nomine,
942 657 1135 739 adAoplum
1157 665 1190 722 et
1209 654 1251 721 ad
1300 655 1390 721 lendi
1416 658 1560 722 vineae*
1583 657 1717 723 Domini
1744 678 1787 721 ex
1815 677 1879 739 qua
1907 655 2051 722 fructum
2081 654 2270 736 ampliorem

282 765 333 809 me
356 742 572 809 communiter
598 742 741 824 scripsit,
772 752 805 807 et
826 742 1078 825 prudentissime
1101 742 1140 806 ad
1163 741 1251 825 prio·
1301 763 1404 826 spero.
1440 740 1600 822 Quamvis
1625 743 1697 808 iure
1719 741 1811 826 queri
1839 743 1935 807 liceat
1961 742 2001 806 de
2029 740 2173 825 ignavia,
2204 744 2235 805 st
2256 776 2272 788 ·

282 851 333 895 res
356 849 443 893 meas
465 827 585 892 advos
607 827 727 903 literas,
758 827 875 911 quibus
902 827 1035 892 orabam
1063 828 1250 894 facultatem
1300 826 1436 911 piditate
1453 838 1487 892 et
1503 828 1649 893 socordia
1667 826 1882 912 quorundam,
1900 828 1957 911 qui
1974 826 2035 892 sibi
2058 825 2271 910 sapientiores

282 916 363 980 mihi
385 915 454 978 dari
481 914 559 979 hinc
582 911 742 996 migrandi
765 920 862 995 atque
890 913 953 978 elio
977 912 1169 987 divertendi,
1199 935 1250 978 re·
1300 922 1334 978 et
1355 913 1428 978 aliis
1455 913 1683 997 prudentiores
1705 912 1875 990 videntur,
1904 912 1959 995 qui
1984 920 2131 977 nostram
2154 910 2271 978 sodali·

282 1000 411 1084 spondit
433 999 609 1065 discessum
627 1020 737 1063 meum
757 1018 822 1061 non
841 998 935 1063 aliter
956 998 1004 1062 illi
1024 999 1163 1082 probari,
1188 999 1251 1063 nisi
1301 1006 1403 1063 tatem
1426 998 1589 1078 deserunt,
1618 1020 1685 1064 non
1708 1000 1749 1064 eb
1777 999 1876 1063 aliam
1903 998 2073 1075 rationem,
2103 1005 2142 1061 ut
2170 997 2271 1074 aiunt,

281 1086 372 1170 prius
399 1084 499 1150 libere
522 1104 609 1149 meos
631 1085 832 1163 admoneam,
855 1082 1000 1149 adhibita
1021 1084 1120 1149 etiam
1142 1084 1251 1149 obiur·
1301 1103 1399 1166 quam
1429 1082 1514 1166 quod
1540 1087 1575 1149 in
1604 1094 1752 1150 nostrum
1784 1085 1984 1150 consortium
2006 1081 2122 1149 Scotos
2150 1083 2273 1148 milites

282 1173 426 1254 gatione,
456 1170 538 1234 mihi
560 1170 594 1233 in
619 1169 728 1234 animo
751 1188 822 1234 esse
844 1169 907 1234 alio
925 1170 1076 1252 migrare.
1112 1170 1251 1236 lubebat
1301 1166 1536 1247 admiserimus,
1559 1171 1620 1235 etsi
1643 1191 1709 1235 non
1726 1170 1847 1254 passim
1865 1191 1969 1252 neque
1991 1189 2113 1247 omnes,
2138 1167 2195 1232 sed
2218 1188 2272 1232 eos

281 1260 379 1324 etiam
407 1275 661 1320 commemorare
688 1254 829 1320 rationes
856 1255 920 1320 mei
950 1255 1124 1335 discessus,
1153 1266 1250 1339 atque
1301 1263 1431 1319 tantum
1454 1255 1510 1337 qui
1532 1258 1618 1321 vitae
1640 1256 1828 1340 integritate
1847 1255 2056 1321 christianam
2078 1254 2272 1338 religionem

281 1344 326 1408 ita
348 1362 541 1408 consensum
562 1341 755 1418 obtinerem,
786 1362 827 1404 ne
849 1351 1066 1422 quererentur
1088 1362 1122 1407 se
1151 1341 1250 1407 luisse
1302 1363 1368 1405 non
1401 1340 1510 1406 verbis
1543 1339 1639 1406 modo
1669 1342 1727 1407 sed
1759 1343 1830 1424 ipsa
1862 1363 1898 1405 re
1930 1341 2028 1405 etiam
2067 1341 2271 1422 profitentur.

282 1427 436 1494 desertos.
489 1426 582 1491 Haec
615 1427 725 1490 omnia
757 1425 978 1504 absolveram,
1016 1426 1098 1490 nihil
1132 1427 1250 1491 borum
1301 1426 1396 1492 Facit
1425 1447 1538 1492 eorum
1568 1426 1724 1493 sedulitas
1751 1436 1788 1491 ut
1819 1426 1978 1492 talentum
2000 1425 2084 1489 mihi
2112 1425 2273 1492 creditum

282 1513 572 1597 praetermiseram,
594 1519 766 1593 antequam
782 1525 906 1576 vestras
924 1511 1034 1577 literas
1047 1513 1250 1594 recepissem,
1301 1513 1337 1576 in
1366 1511 1519 1578 eeclesiae
1541 1512 1716 1578 utilitatem
1746 1513 1900 1577 libentius
1925 1511 2087 1577 collocem.
2132 1509 2275 1591 Quando

282 1598 480 1664 ornatissimi
503 1598 572 1676 viri,
599 1618 775 1679 omnesque
798 1617 911 1662 causas
931 1619 969 1663 ue
991 1599 1141 1675 rationes,
1170 1620 1251 1679 quae
1303 1608 1413 1663 autem
1435 1599 1598 1664 incertum
1620 1607 1670 1664 est
1692 1597 1847 1680 quamdiu
1870 1597 2042 1663 Gallorum
2063 1618 2124 1662 rex
2146 1596 2200 1662 hie
2222 1617 2278 1661 eos

283 1686 429 1751 animum
442 1691 599 1748 meumut
621 1682 699 1747 hinc
717 1683 1096 1767 abirempermovebant,
1119 1685 1251 1767 scripto,
1302 1684 1336 1746 in
1358 1683 1411 1749 his
1432 1682 1593 1749 bellorum
1623 1684 1818 1749 tumultibus
1839 1704 1910 1749 esse
1940 1683 2098 1766 patietur,
2128 1695 2278 1764 optarem

283 1794 346 1836 non
378 1770 483 1834 solum
507 1769 581 1833 viva
605 1788 699 1845 voce,
728 1768 998 1851 significaveram.
1035 1769 1111 1833 Non
1140 1779 1252 1833 tamen
1303 1790 1376 1834 eam
1408 1792 1427 1835 a
1460 1768 1552 1835 vobis
1584 1771 1730 1835 obtinere
1759 1769 1959 1844 facultatem,
1994 1777 2032 1832 ut
2063 1768 2146 1832 mihi
2179 1768 2279 1833 liceat

283 1857 392 1922 destiti
417 1877 436 1919 a
457 1858 597 1938 suscepti
620 1855 766 1918 muneris
788 1854 964 1931 functione,
995 1854 1096 1920 donec
1119 1853 1159 1919 ad
1182 1876 1253 1920 coe·
1303 1855 1464 1934 ecclesias,
1487 1876 1567 1937 quos
1589 1856 1751 1921 Dominus
1772 1856 1809 1919 in
1830 1855 1883 1919 his
1905 1852 2093 1938 regionibus
2114 1853 2280 1931 fundavit,

283 1964 359 2006 narn
383 1940 515 2005 Domini
545 1939 605 2003 fuit
630 1939 708 2002 mihi
731 1938 980 2021 properandum.
1017 1941 1102 2004 Tum
1124 1941 1253 2023 publica
1305 1940 1438 2007 visitare
1459 1948 1493 2004 et
1514 1941 1550 2005 in
1574 1941 1671 2007 verbo
1693 1940 1830 2005 Domini
1858 1941 2062 2007 confirmare.
2101 1939 2176 2004 Hac
2199 1959 2280 2004 vero

283 2030 318 2092 in
340 2027 491 2092 concione
515 2024 655 2089 valedixi
684 2023 910 2090 Iuliodunensi
944 2026 1037 2109 gregi
1064 2035 1098 2091 et
1119 2024 1159 2089 ad
1180 2027 1252 2090 Pic-
1302 2035 1462 2109 potestate
1481 2047 1545 2092 non
1563 2048 1616 2093 me
1638 2027 1734 2092 aliter
1757 2047 1893 2091 usurum
1915 2026 2082 2108 polliceor,
2111 2024 2174 2089 nisi
2196 2044 2280 2107 qna·

284 2123 376 2177 tonas
403 2114 477 2176 veni
505 2110 562 2193 qui
591 2132 643 2174 me
676 2109 762 2174 laeto
790 2109 950 2192 hilarique
972 2111 1068 2176 vultu
1101 2132 1252 2195 suscepe·
1304 2120 1399 2177 tenua
1428 2111 1541 2177 videro
1570 2112 1602 2177 id
1639 2114 1673 2178 in
1702 2112 1857 2178 ecelesiae
1886 2111 2062 2176 utilitatem
2090 2129 2280 2176 cessurum:

283 2212 371 2264 runt.
410 2196 462 2261 Ibi
485 2217 561 2260 vero
583 2197 690 2260 mansi
710 2195 779 2259 dies
801 2195 912 2261 decem
935 2205 968 2260 et
989 2206 1059 2262 octo
1081 2198 1116 2260 in
1138 2206 1253 2261 contu·
1303 2196 1576 2280 quemadmodum
1599 2197 1688 2263 vobis
1710 2197 1830 2264 referet
1851 2197 1970 2261 harum
1992 2195 2139 2274 nuncius,
2170 2195 2282 2262 fidelis

284 2285 395 2348 bernio
417 2292 450 2347 et
471 2282 631 2347 consertio
649 2279 691 2344 D.
711 2281 810 2363 Aopli
833 2282 971 2364 pastoris
988 2281 1178 2360 fidelissimi,
1198 2283 1252 2365 qui
1304 2282 1380 2348 Iesu
1410 2281 1535 2348 Obristi
1568 2305 1695 2360 servus,
1729 2284 1783 2366 qui
1815 2282 1956 2349 viriliter
1990 2303 2049 2364 pro
2079 2280 2214 2347 Christo
2247 2289 2283 2346 et

283 2392 336 2435 me
358 2367 591 2433 humanissime
613 2367 774 2431 tractavit
815 2366 879 2431 Fui
900 2388 980 2432 vero
1001 2368 1087 2450 apud
1109 2389 1163 2433 eos
1186 2389 1253 2432 non
1304 2369 1375 2434 eius
1397 2389 1517 2453 sponsa
1539 2369 1717 2433 decertavit
1738 2378 1771 2433 et
1792 2370 1826 2432 in
1849 2390 1927 2453 agro
1945 2367 2081 2433 Domini
2098 2365 2282 2432 excolendo

283 2455 416 2519 omnino
445 2451 571 2517 inutilis
599 2473 658 2516 nec
685 2452 815 2517 otiosus.
855 2451 965 2532 Quum
989 2455 1077 2518 enim
1093 2454 1253 2535 privatis,
1304 2455 1339 2519 in
1363 2454 1442 2519 urbc
1460 2454 1665 2519 Pictavorum
1684 2464 1717 2520 et
1738 2455 1811 2521 aliis
1833 2454 2053 2536 compluribus
2075 2453 2154 2518 locis
2177 2473 2282 2518 evan-

285 2552 353 2605 tum
377 2538 519 2603 maxime
542 2536 677 2620 publicis
704 2537 986 2603 exhortationibus
1013 2540 1166 2605 eeclesiae
1188 2538 1253 2604 Dei
1305 2539 1426 2624 galium
1459 2540 1663 2605 annuncians
1695 2538 1875 2606 desudavit.
1918 2539 2007 2605 Huic
2035 2538 2209 2604 eonsilium
2242 2559 2282 2605 ac

284 2626 423 2708 aliquem
450 2622 593 2688 fructum
616 2622 742 2687 adferre
770 2621 957 2689 studebam:
988 2623 1133 2689 sednon
1162 2624 1254 2689 licuit
1305 2634 1449 2690 mentem
1472 2646 1578 2690 meam
1600 2627 1725 2709 aperui,
1755 2637 1790 2691 et
1809 2627 1901 2691 oravi
1923 2632 1960 2689 ut
1981 2644 2052 2689 eam
2074 2623 2168 2690 vobis
2190 2623 2283 2689 indi·

283 2713 320 2776 in
339 2712 400 2775 hoc
415 2728 512 2792 opere
530 2708 651 2772 diutius
670 2707 837 2773 desudare.
874 2709 947 2773 Non
970 2710 1057 2774 enim
1076 2717 1254 2792 potuerunt
1305 2718 1401 2777 caret
1444 2710 1486 2776 D.
1510 2711 1626 2777 Oarolo
1658 2711 1800 2777 Peaaelio
1827 2718 1980 2776 consueto
2008 2729 2098 2775 more
2127 2709 2284 2792 scripsis-

284 2795 532 2861 Iuliodunenses
572 2794 752 2858 absentiam
790 2814 896 2858 meam
940 2795 1024 2860 ferro
1057 2804 1090 2859 et
1122 2796 1254 2860 coelesti
1306 2817 1389 2874 sem,
1419 2796 1482 2860 nisi
1505 2817 1581 2862 oum
1604 2798 1716 2863 abesse
1739 2797 1986 2880 Germanosque
2008 2796 2160 2861 invisisse
2174 2797 2202 2874 8)
2226 2816 2284 2861 re-

284 2881 438 2947 alimonia
460 2879 600 2945 destitui.
636 2878 714 2943 Ideo
732 2877 871 2945 assiduis
887 2881 1037 2963 precibus
1055 2880 1095 2946 D.
1112 2880 1254 2947 Gaaclw·
1305 2881 1437 2966 ligionis
1469 2883 1576 2966 gratia
1608 2904 1628 2947 a
1659 2882 1724 2947 lide
1753 2882 1861 2966 dignis
1899 2880 2035 2947 testibus
2069 2881 2283 2963 accepissem.

283 2969 411 3033 siecum
444 2965 716 3031 humanissimum
747 2965 910 3047 hospitem
940 2987 1050 3030 meum
1082 2967 1256 3050 pulsarunt
1305 2966 1414 3033 Deum
1446 2976 1572 3052 patrem
1605 2989 1663 3051 per
1689 2969 1799 3034 lesum
1829 2967 2000 3034 (lhristum
2031 2965 2083 3030 illi
2114 2974 2149 3032 et
2182 2968 2285 3034 robis

285 3060 321 3117 ut
343 3073 395 3116 me
417 3072 475 3135 per
496 3051 608 3116 literas
630 3058 807 3129 revocaret,
837 3049 1041 3117 affirmantes
1063 3072 1098 3118 se
1125 3052 1255 3118 facilius
1306 3054 1456 3120 omnibns
1489 3055 1665 3138 propitium
1697 3074 1768 3119 esse
1800 3074 1871 3132 oro,
1905 3055 1959 3136 qui
1991 3072 2049 3117 vos
2081 3059 2286 3138 coetumque

284 3138 427 3221 corporis
448 3136 629 3213 alimentis,
655 3137 721 3200 imo
743 3143 776 3201 et
803 3135 990 3215 clementis,
1016 3156 1114 3219 quam
1135 3137 1254 3221 pabulo
1306 3139 1497 3206 universum
1518 3160 1577 3205 suo
1597 3140 1716 3222 spiritu
1737 3139 1893 3219 illustret,
1923 3139 2029 3224 gratia
2050 3139 2227 3205 confirmet
2250 3149 2286 3205 et

284 3223 445 3307 spirituali
468 3221 570 3288 divini
592 3221 683 3288 verbi
704 3241 798 3304 posse
819 3243 938 3288 carere
974 3221 1107 3288 Nobiles
1129 3245 1254 3306 quoque
1306 3227 1491 3291 corroboret
1518 3226 1554 3290 in
1582 3232 1783 3309 perpetuum.
1819 3227 1937 3292 Amen.
1970 3223 2090 3289 Valete
2110 3223 2228 3290 felices
2251 3235 2288 3291 et

284 3308 385 3388 Secti,
418 3307 537 3372 milites
566 3306 778 3391 praesidiarii,
811 3329 938 3373 summo
963 3309 1123 3374 desiderio
1151 3309 1255 3375 nostri
1306 3309 1415 3376 Deum
1437 3332 1496 3395 pro
1517 3311 1612 3376 nobis
1633 3311 1668 3375 in
1691 3311 1827 3377 summis
1844 3309 2014 3395 agentibus
2032 3309 2186 3393 perieulis
2203 3332 2287 3394 pre·

284 3394 410 3460 reditus
428 3394 623 3458 tenebantur
640 3414 699 3460 nec
717 3393 915 3475 quieverunt
937 3392 1075 3459 eundem
1093 3393 1254 3478 hospitem
1306 3397 1432 3463 camini.
1476 3397 1530 3462 Ex
1550 3396 1726 3462 Iulioduno
1739 3400 1768 3473 ⁴)
1793 3402 1820 3462 5.
1843 3417 1946 3462 nonas
1969 3394 2129 3462 Octobris.

284 3502 393 3545 meum
414 3478 553 3545 sollicite
574 3499 678 3557 orare,
701 3476 803 3544 donec
821 3489 996 3545 exorarent
1018 3487 1055 3545 ut
1070 3500 1125 3545 me
1146 3501 1255 3547 accer-

284 3574 384 3632 seret:
418 3565 452 3628 id
480 3563 564 3646 quod
597 3563 672 3629 fecit
705 3561 953 3649 diligentissime
983 3573 1017 3632 et
1039 3587 1058 3630 a
1079 3586 1132 3631 me
1161 3566 1254 3633 facile
1542 3533 1644 3600 ΜΕ
1666 3533 1976 3617 ⁰b⁸⁰l¹¹⁰n¹³l⁸⁸im¹¹⁸
1997 3532 2086 3598 filius
2107 3541 2141 3599 ⁰l
2164 3556 2289 3602 ⁸⁰PV¹1⁸

282 3650 471 3734 impetravit
500 3657 537 3714 ut
564 3648 718 3726 redirem,
748 3671 851 3733 neque
878 3651 966 3716 enim
995 3652 1116 3735 optime
1141 3650 1180 3716 de
1202 3673 1255 3717 me
1736 3679 1739 3683 Δ
1810 3619 1848 3684 F·
1873 3620 2011 3684 Paulus·

284 3738 400 3801 merito
423 3736 494 3800 viro
517 3754 698 3819 repugnare
720 3743 777 3799 ant
793 3736 971 3819 quidquam
991 3735 1152 3821 denegare
1174 3738 1254 3802 mihi

283 3823 450 3905 integmm
471 3820 549 3898 fuit,
579 3830 710 3904 propter
731 3842 893 3886 summam
922 3823 1010 3888 illius
1031 3823 1066 3887 in
1088 3844 1140 3887 me
1162 3832 1254 3888 auto-

283 3908 416 3973 ritatem
437 3912 471 3972 et
492 3913 639 3970 mutuam
667 3908 835 3972 internos
858 3907 1139 3974 necessitudinem.
1185 3908 1254 3973 Ad-

284 3993 362 4058 veni
383 3993 485 4078 igitur
507 3990 708 4056 desideratus
730 4002 762 4056 et
783 3992 1009 4077 exspectatus,
1026 4001 1061 4074 et
1082 3993 1253 4059 confestim

284 4080 375 4161 coepi
404 4086 591 4160 susceptum
613 4099 732 4142 munus
758 4077 848 4144 obire
875 4088 909 4144 et
938 4100 1035 4162 quam
1058 4079 1139 4143 mihi
1159 4099 1254 4143 man·

284 4164 387 4231 dastis
408 4163 610 4249 provinciam
633 4161 868 4229 administrare.
904 4164 1001 4229 Nune
1023 4186 1101 4248 ergo
1121 4185 1178 4248 gre
1202 4184 1254 4229 em

284 4270 376 4316 meae
404 4250 481 4315 fidei
510 4245 669 4314 creditum
692 4268 803 4332 pasce,
833 4258 866 4315 ct
894 4249 1055 4316 avidiores
1077 4259 1111 4315 et
1137 4186 1254 4315 arlan-
1743 4231 1840 4301 2541·

285 4337 384 4401 tiores
405 4356 503 4418 quam
525 4340 621 4398 antea
642 4331 891 4401 Iuliodunenses
912 4336 1082 4418 conspicio.
1120 4334 1256 4401 Placide

285 4422 339 4486 nio
371 4440 449 4505 paee
482 4419 606 4485 cuma
639 4418 796 4485 beneficio
834 4420 973 4486 fruimur
1008 4422 1156 4504 quamvis
1189 4441 1255 4485 non
1614 4384 1734 4450 ΒΕΖΑ
1756 4383 1973 4451 cnnvmo.

285 4515 389 4573 cesset
418 4504 521 4571 Satan
555 4503 756 4571 comminisci
787 4527 890 4572 novas
922 4513 1009 4572 artes
1038 4514 1076 4571 ut
1107 4506 1255 4572 ordinem
1699 4557 1706 4570 .
2068 4557 2074 4569 .
2126 4558 2133 4570 .

285 4593 374 4657 hunc
397 4598 545 4656 nostrum
573 4589 769 4656 interturbet
791 4598 824 4656 et
846 4591 991 4674 dissipet.
1026 4590 1094 4658 Sed
1113 4592 1256 4674 optimus
1394 4553 1508 4620 M&
1537 4561 1614 4621 ”alu
1639 4574 1743 4622 'mm'
1771 4555 1979 4622 mmmm
2003 4562 2097 4635 ”emb
2118 4577 2188 4638 ²2³⁶
2206 4580 2290 4640 Μ·

262 4678 1257 4845 ‘aauttutunusassumamus
1302 4641 1538 4809 aaut
1553 4646 2071 4808 tcta..
2086 4642 2291 4793 mett

285 4845 1255 5017 tattttlttdt't“tebthtumultu?
1462 4899 1520 4962 (ιι
1537 4897 1705 4968 amur
1723 4898 1789 4953 σοι·
1807 4897 1909 4953 one·
1929 4897 1986 4964 ιιι
2003 4898 2049 4953 fc
2068 4896 2123 4963 a>

285 5028 374 5102 teget
395 5019 429 5082 in
449 5017 586 5100 gloriam
602 5036 694 5082 suam
712 5030 746 5082 et
756 5019 955 5085 Antichristi
965 5021 1111 5084 exitium.
1145 5019 1256 5085 Huius

286 5124 347 5186 ope
378 5103 534 5203 suffrdtus
564 5102 704 5169 alacrius
735 5104 770 5168 in
811 5113 923 5189 coepto
960 5106 1084 5205 illim.
1109 5125 1254 5204 pergam,
1409 5139 1439 5205 3)
1458 5139 1536 5193 Hinc
1552 5155 1656 5194 ,mm
1674 5135 1742 5193 1556
1758 5138 1842 5205 sm
1858 5139 1985 5196 ,paim

285 5186 546 5273 quandoquidem
567 5187 688 5254 multos
716 5187 851 5255 verbum
872 5191 1007 5256 Domrm
1029 5211 1162 5257 umoum
1184 5211 1253 5256 am·
1408 5206 1440 5276 4)
1459 5206 1587 5264 ιοαᾱιιιι.
