4688 5910
70 366 130 427 693
917 361 996 423 1557
1014 359 1222 428 NOVEMB.
1590 378 1591 383 ’
1999 361 2067 431 694

69 549 173 616 simus
195 563 327 616 senatus
349 559 467 632 vester,
494 561 532 616 ut
553 570 665 635 spero,
695 560 911 627 conventum,
934 551 962 616 si
982 550 1039 616 ob·
1091 548 1303 614 advenerunt.
1347 549 1441 614 Tunc
1462 549 1602 627 aberam,
1625 549 1802 616 accersitus
1824 570 1844 614 a
1865 551 1928 632 piis
1949 558 1982 615 et
2003 572 2064 617 no·

68 635 155 702 latus
184 636 291 713 luerit,
324 646 466 720 respuet,
500 658 605 720 neque
638 659 696 721 per
729 657 787 702 vos
820 637 928 715 stabit,
960 657 1040 719 quo·
1089 633 1210 701 bilibus
1239 634 1321 700 viris
1350 633 1391 704 ad
1419 635 1501 699 fines
1524 634 1717 719 Belgarum:
1751 635 1808 700 nbi
1836 635 1914 718 quid
1936 638 2061 720 egerim

68 721 180 787 minus
201 720 242 786 ad
271 722 451 788 tollendum
479 722 594 788 infelix
621 721 682 789 hoc
703 721 876 787 dissidium
898 733 932 788 et
952 724 1040 805 paci·
1090 719 1265 803 aliquando
1294 720 1356 786 tibi
1386 721 1547 784 rationem
1575 719 1719 785 reddam.
1768 721 1867 786 Illinc
1896 742 2060 800 reversus,

68 808 254 873 ficationem
272 807 490 890 quaerendam
508 808 711 874 voluntarios
731 830 767 874 se
784 806 966 888 ostendant,
984 808 1040 891 qui
1090 828 1191 888 quum
1211 805 1337 889 legatos
1363 806 1398 870 in
1420 805 1531 870 aulam
1552 805 1713 888 profectos
1735 827 1805 872 esse
1832 806 2060 890 intelligerem,

69 893 205 975 cupiant
231 895 400 960 ecelesiam
431 893 641 977 tranquillam
664 893 782 959 videre.
828 893 921 972 Vale,
943 913 1040 959 orna·
1090 913 1144 956 eos
1162 892 1337 976 evestigio
1355 912 1428 956 sum
1447 905 1614 974 sequutus.
1647 892 1763 974 Itaque
1781 891 1876 974 paulo
1894 902 2061 958 momento

69 979 197 1044 tissime
225 980 276 1045 vir
303 990 336 1045 et
368 980 450 1046 mihi
482 980 660 1064 plurimum
691 978 895 1047 observande
926 979 1037 1045 frater.
1088 976 1158 1041 fere
1180 976 1305 1043 aulicus
1327 997 1400 1041 sum
1421 976 1536 1054 factus,
1558 977 1623 1042 nisi
1644 977 1728 1058 quod
1751 977 1886 1044 liberius
1908 977 2061 1060 pauloet

69 1061 273 1149 Symmystis
301 1066 452 1132 omnibus
479 1067 655 1149 plurimam
683 1065 830 1131 salutem.
875 1065 1039 1130 Dominus
1089 1063 1234 1144 apertius
1263 1083 1354 1127 more
1381 1062 1544 1127 maiorum
1576 1063 1687 1127 omnia
1718 1064 1869 1128 tractavi.
1914 1062 2062 1130 Oonreui

67 1171 126 1215 vos
148 1172 261 1218 omnes
286 1171 347 1216 sua
367 1153 490 1218 virtute
519 1152 695 1228 sustineat,
725 1150 886 1233 praesidio
909 1160 1039 1216 tueatur
1089 1146 1238 1213 homines
1260 1156 1435 1230 autequam
1453 1168 1565 1232 regem
1582 1147 1790 1213 salutassent.
1824 1147 1965 1213 Omnem
1984 1170 2064 1232 ope·

69 1248 102 1302 et
123 1238 241 1319 spiritu
262 1236 430 1322 gubernet.
476 1237 631 1304 Genavae
656 1243 704 1303 15.
727 1235 921 1303 Novembris
946 1242 1036 1301 1557.
1089 1255 1176 1311 ram,
1205 1231 1351 1299 studium
1378 1243 1412 1299 et
1441 1233 1644 1317 diligentiam
1673 1234 1807 1316 polliciti
1837 1243 1924 1298 eunt.
1967 1234 2047 1299 Nihi

1089 1328 1200 1384 tamma
1232 1327 1362 1402 praeter
1393 1320 1496 1384 verba
1534 1319 1792 1396 obtinuerunt,⁴)
1831 1331 1864 1383 et
1904 1320 2063 1404 scriptum

1089 1403 1250 1487 quoddam
1268 1403 1355 1487 quod
1372 1425 1414 1469 ne
1437 1403 1544 1470 verbis
1563 1404 1704 1487 quidem,
1725 1426 1807 1488 quae
1828 1404 1971 1489 largiora
1992 1406 2062 1470 fue·

1089 1499 1175 1567 rant,
1203 1489 1378 1573 respondit.
1423 1490 1465 1553 In
1496 1510 1633 1562 summa,
1668 1511 1720 1554 rea
1756 1511 1833 1555 suas
1863 1512 1969 1574 agere,
2003 1512 2062 1556 sua

154 1581 208 1645 De
224 1579 353 1646 foedere
370 1581 436 1645 iam
458 1579 581 1664 aliquid
603 1581 732 1646 Bernae
1090 1575 1152 1642 sibi
1173 1574 1294 1641 habere
1321 1575 1402 1641 iussi
1427 1585 1519 1653 sunt,
1548 1595 1586 1640 ac
1607 1578 1712 1659 rogati
1734 1598 1776 1640 ne
1798 1576 1933 1659 posthac
1955 1575 2063 1642 aliena

69 1666 253 1732 confectum
274 1687 344 1734 esse
366 1665 514 1731 arbitror.
1091 1670 1214 1726 curent.
1258 1661 1372 1726 Institi
1402 1681 1606 1743 summopere
1636 1684 1677 1725 ne
1705 1681 1742 1726 re
1771 1660 1890 1726 inlecta
1917 1660 2062 1727 discede·

1091 1755 1174 1825 rent,
1197 1759 1294 1830 atque
1316 1746 1453 1823 ostendi,
1481 1758 1555 1829 post
1569 1768 1690 1811 eorum
1712 1748 1836 1811 abitum
1856 1747 1953 1830 longe
1973 1745 2064 1812 dete·

1091 1833 1212 1897 riorem
1233 1854 1331 1915 quam
1354 1843 1450 1897 antea
1478 1834 1546 1896 sore
1576 1833 1705 1914 piorum
1735 1832 1968 1908 conditionem,
1999 1832 2063 1897 uisi

457 1963 648 1970 mm-
1091 1938 1203 2001 regem
1220 1919 1325 2002 magia
1343 1931 1512 2001 urgerent:
1535 1918 1658 1982 frustra
1677 1939 1752 1982 vero
1772 1927 1900 1982 tantum
1917 1917 2060 1982 laborem

1090 2002 1218 2068 itineris
1234 2025 1353 2086 magno
1374 2013 1509 2085 sumptu
1530 2004 1571 2067 ab
1593 2003 1634 2068 iis
1656 2003 1754 2067 luisse
1776 2015 1973 2086 susceptum,
1997 2006 2060 2068 nisi

1091 2089 1319 2154 allevationem
1341 2088 1482 2171 aliquam
1505 2089 1598 2155 nobis
1619 2087 1792 2153 adferrent.
1827 2087 1922 2169 Quod
1944 2098 2059 2170 sponte

507 2212 594 2282 275⁶
1089 2174 1177 2256 ipsos
1193 2173 1336 2240 facturos
1353 2175 1420 2238 iam
1438 2182 1535 2241 antea
1551 2174 1786 2249 existimabam,
1809 2173 1843 2238 id
1866 2176 1899 2237 in
1919 2174 2059 2258 gratiam

596 2261 605 2282 ⁹
1091 2272 1236 2325 nostram
1258 2281 1293 2324 se
1316 2282 1380 2324 non
1406 2272 1614 2324 recusaturos
1635 2280 1706 2325 esse
1729 2261 1890 2323 dixerunt.
1936 2260 2061 2323 Postri-

302 2366 567 2433 GALLASIUS
587 2365 804 2433 GALVINO·
1091 2345 1144 2409 die
1179 2347 1280 2429 igitur
1315 2344 1506 2409 obtulerunt
1537 2346 1715 2427 supplicem
1745 2345 1906 2420 libellum,
1934 2347 1968 2407 in
1998 2366 2062 2427 quo

1091 2429 1169 2512 quid
1197 2431 1420 2496 contineretur
1448 2431 1592 2495 nondum
1624 2431 1750 2495 rescivi.
1795 2430 1889 2494 Varii
1909 2429 2063 2495 feruntur

157 2538 281 2604 Nam
307 2539 385 2620 quid
412 2539 506 2620 [mg
528 2539 683 2605 [mmm
711 2539 804 2603 missi
831 2547 867 2605 „g
888 2561 949 2622 pro
970 2543 1040 2621 Μ.
1091 2517 1132 2581 de
1154 2537 1191 2580 eo
1214 2537 1370 2581 rumores.
1415 2515 1503 2596 Quid
1526 2517 1560 2579 in
1582 2538 1619 2580 eo
1647 2518 1804 2597 seriptum
1833 2517 1972 2580 sitente
1996 2526 2062 2581 tres

68 2626 287 2689 mmmm
317 2626 354 2688 gn
385 2626 475 2690 wia
506 2626 594 2708 νομέα
625 2625 812 2690 obtinuerint
857 2628 905 2690 „ep
929 2629 1040 2708 popius
1092 2601 1171 2679 dies,
1205 2614 1243 2665 ut
1274 2622 1379 2683 spero,
1413 2603 1521 2667 sciam.
1567 2602 1651 2681 Nam
1681 2600 1762 2665 mihi
1792 2604 1861 2666 eius
1895 2602 2062 2684 exemplar

67 2730 128 2791 w
144 2716 238 2792 pappo
274 2730 369 2791 quum
390 2709 452 2774 gibi
473 2710 565 2775 verba
586 2712 660 2776 da„-
682 2676 833 2776 pigmen}
871 2713 986 2791 infecta
1006 2734 1041 2777 re
1091 2687 1195 2752 bonus
1213 2687 1345 2769 quidam
1358 2689 1409 2750 vir
1426 2708 1460 2751 se
1478 2698 1744 2769 recuperaturum
1757 2688 1913 2769 promisit.
1937 2687 2061 2751 Verum

68 2760 277 2861 dmm&
325 2798 421 2876 Quem
442 2797 538 2860 ,ἠως
554 2798 757 2879 mmm
778 2763 946 2862 mm
968 2817 1039 2863 m„
1086 2781 1267 2854 antequam
1294 2772 1370 2838 huic
1398 2771 1507 2836 libello
1536 2772 1787 2854 responderetur
1814 2773 1928 2856 legati,
1958 2772 2062 2837 veluti

68 2901 139 2946 gam
164 2882 270 2962 ipsam
294 2856 432 2963 pejorem
460 2883 654 2947 ,mamm
681 2902 746 2947 3330
769 2884 932 2965 praevidet
973 2885 1040 2965 gp&
1091 2879 1127 2922 re
1159 2856 1339 2940 desperata,
1372 2856 1600 2926 discesserunt.
1646 2855 1743 2938 Quod
1769 2866 1856 2922 certe
1883 2857 2062 2923 maximam

67 2986 138 3031 mo
160 2970 341 3049 quamtus
356 2968 428 3046 fiens
439 2969 554 3048 popm-p
567 2968 724 3034 gemam
740 2971 843 3035 pedm
861 2934 954 3053 oum-2,
976 2970 1039 3035 ago
1092 2964 1202 3008 curam
1230 2945 1338 3008 animo
1365 2964 1437 3008 meo
1465 2945 1612 3027 ingessit.
1657 2942 1819 3007 Videbam
1846 2944 1934 3007 enim
1955 2944 2062 3028 magis

70 3052 185 3118 sedaet
205 3053 349 3117 manao
370 3055 405 3117 es
425 3073 518 3117 auam
538 3054 637 3119 locum
657 3058 790 3136 eugegio,
1091 3050 1128 3127 ac
1149 3029 1256 3114 magis
1279 3030 1510 3129 exacerbatum
1530 3028 1573 3093 iri
1594 3028 1737 3094 hostium
1756 3029 1882 3127 animos
1903 3028 1990 3128 quod
2011 3030 2062 3093 in·

1089 3123 1172 3179 recto
1194 3114 1305 3180 aculeo
1331 3126 1409 3179 rratr
1438 3114 1602 3180 abussent.
1646 3114 1732 3178 Nam
1753 3123 1961 3197 mterpretatr
1984 3129 2062 3179 sunt

230 3223 286 3285 (Β,
303 3224 471 3293 „mmm
488 3224 553 3279 cod.
571 3225 673 3280 Gener.
693 3225 749 3289 109,
767 3225 812 3280 fot
831 3224 885 3291 sq)
1089 3200 1200 3265 omnia
1226 3211 1413 3266 nostrorum
1440 3200 1585 3282 impulsu
1611 3208 1708 3282 atque
1740 3200 1898 3282 instigata
1930 3208 2062 3282 peraeta

1091 3306 1170 3350 esse.
1210 3285 1280 3352 Nee
1309 3307 1361 3350 me
1390 3285 1505 3351 fefellit
1533 3285 1650 3367 opinio.
1697 3283 1781 3365 Quis
1810 3307 1864 3350 eos
1895 3296 2062 3351 evocasset

86 3397 118 3458 A
136 3414 214 3460 mon
232 3407 298 3460 tres
316 3396 464 3460 honnore
481 3395 644 3480 Seigneur
661 3398 785 3463 Monsr.
799 3396 1019 3480 D’llspeville.
1089 3369 2062 3540 ffiffiffuffirfftafflgggffigtorgiugofssitiffiimqffifflg

154 3563 190 3630 g,
227 3565 334 3633 Gravi
360 3567 575 3632 sollieitudine
597 3589 650 3633 me
677 3579 750 3632 gum
778 3568 892 3634 literae
920 3579 996 3635 guae
1014 3576 1038 3647 ι)
1090 3540 1203 3607 sedulo
1223 3543 1445 3609 observarent.
1490 3542 1648 3608 Accereiti
1671 3541 1845 3624 praesides,
1877 3541 1999 3608 iudices
2023 3564 2060 3609 aa

69 3661 140 3714 tum
166 3650 265 3716 huius
288 3655 396 3718 nuncii
427 3654 589 3719 adventus
610 3653 799 3718 liberarunt.
835 3655 927 3719 Nihil
950 3657 1037 3720 enim
1089 3628 1171 3727 ³935
1193 3627 1350 3707 adv⁰⁰³tb
1371 3641 1410 3728 bt
1431 3629 1465 3692 ³¹¹
1488 3627 1573 3692 ham
1594 3649 1734 3726 ΨΜ
1757 3649 1854 3726 quam
1876 3627 2060 3712 negl⁰¹i⁸⁸⁰

67 3745 200 3816 praeter
221 3738 362 3804 incertos
378 3760 525 3805 rumores
536 3739 747 3805 audiebamus
759 3739 799 3803 de
810 3753 922 3805 vestro
940 3751 1037 3820 statu,
1089 3712 1300 3792 ”dflbanmr’
1320 3734 1452 3812 ‚mamm
1472 3720 1506 3779 ⁰t
1534 3714 1641 3778 ⁸md¹⁰
1663 3722 1697 3777 π
1724 3734 1806 3811 ⁰¹³³.
1823 3714 2058 3811 ¹⁰⁰ulnb⁰f⁹⁰t·

67 3840 131 3884 „00
152 3823 329 3906 quidquam
349 3826 492 3890 vioissim
514 3824 554 3889 de
576 3836 687 3890 nocuo
704 3825 899 3906 putabamus
920 3826 963 3893 ad
980 3848 1038 3892 vos
1088 3798 1368 3899 Erooancellarrus
1388 3799 1436 3899 'ad‘
1454 3819 1509 3863 eos
1528 3797 1689 3881 urgendos
1708 3799 1808 3897 veluti
1827 3811 1983 3898 magister
2001 3796 2057 3897 ad-

67 3906 105 3968 jn
126 3913 220 3972 ganta
248 3909 404 3974 itinerum
425 3910 615 3976 diffioultaoe
642 3910 780 3993 perferri
799 3932 902 3994 posse·
939 3912 1038 3979 Num
1088 3882 1213 3950 h1b1tus
1228 3895 1306 3983 est,
1341 3907 1396 3968 qur
1428 3906 1493 3950 ram
1524 3894 1654 3949 strenue
1683 3886 1787 3983 efficto
1820 3883 1877 3948 fun
1943 3895 2057 3966 coepit.

67 4012 147 4057 vero
169 4002 203 4057 et
225 4015 282 4060 vos
304 3995 457 4061 certiores
478 3995 622 4062 redditos
639 4017 710 4062 ease
728 3996 768 4061 de
789 3998 886 4063 rebus
907 3999 1036 4074 nostris,
1089 3967 1197 4069 (indm
1226 3992 1261 4069 Ψ
1290 3980 1416 4052 partem
1442 3970 1626 4068 ,legammm
1656 3970 1831 4067 “mmmm
1858 3989 1877 4032 ³
1900 3991 1937 4032 ⁰⁰
1964 3991 2058 4067 ΡΨ·

69 4085 104 4141 eg
125 4080 278 4162 utrinque
305 4081 436 4146 tandem
465 4080 608 4146 redditas
637 4104 709 4149 03⁸0
740 4082 866 4159 utem,
900 4093 932 4148 et
961 4082 1038 4167 quid
1088 4063 1219 4154 orprtem
1243 4065 1448 4138 interpretari
1473 4056 1632 4132 deberem,
1663 4054 1717 4118 diu
1744 4076 1871 4120 mecum
1895 4054 2057 4118 dubitavi:

69 4163 157 4244 apud
182 4185 237 4230 vos
258 4178 375 4249 agatur
395 4181 523 4232 nostros
550 4168 748 4234 intellexisse
777 4166 954 4234 admodum
975 4171 1038 4236 lae,
1088 4162 1165 4224 qma
1186 4161 1265 4207 sane
1293 4142 1413 4207 lentius
1435 4162 1473 4206 ac
1502 4141 1651 4225 frigidius
1680 4139 1776 4222 paulo
1805 4160 1900 4224 quam
1932 4140 2059 4205 deceret

69 4257 130 4313 tor.
176 4249 247 4316 sat
268 4253 368 4317 finem
390 4251 540 4319 Octobris
566 4254 647 4318 alias
669 4255 775 4320 adhuc
804 4255 916 4321 literas
937 4257 1038 4323 tabel-

68 4334 152 4398 lario
181 4338 319 4416 cuidam,
353 4360 448 4421 quem
472 4338 639 4405 Ferrarius
665 4338 731 4405 huo
759 4341 901 4418 miserat,
935 4341 976 4405 ad
1004 4352 1039 4407 te

71 4417 191 4499 dedis)
236 4424 355 4490 Abeo
383 4432 528 4506 tempore
557 4426 593 4488 in
621 4439 751 4490 nostros
780 4429 942 4492 saevitum
970 4447 1038 4492 non
1190 4446 1221 4514 4)
1240 4447 1366 4517 aaran
1382 4446 1449 4501 aa·
1473 4451 1524 4501 nee
1548 4456 1662 4501 anans
1680 4449 1870 4516 evangelique
1887 4449 1935 4500 aa
1953 4449 2058 4502 suaa

70 4517 127 4572 est.
173 4509 325 4576 Calendis
348 4511 521 4577 Novembr.
545 4520 683 4593 quatuor
705 4512 873 4577 civitatum
898 4513 998 4597 legati
1010 4515 1039 4592 ³)
1089 4516 1246 4597 armonedo
1264 4516 1330 4586 pitia
1348 4523 1377 4570 et
1398 4518 1526 4570 scaohens
1544 4532 1596 4584 que
1620 4515 1725 4595 c’astoit
1742 4534 1810 4597 pour
1833 4517 1859 4568 la
1877 4518 2057 4598 mesinedoo·

1089 4595 1162 4638 trine
1180 4601 1227 4653 qur
1244 4599 1287 4638 est
1304 4602 1440 4639 aunoucee
1458 4605 1491 4639 en
1509 4587 1582 4638 leurs
1600 4586 1696 4654 eghaes
1715 4584 1792 4652 qu’rls
1809 4592 1936 4654 estoyent
1953 4603 2058 4654 priscu-

69 4685 274 4694 ----
1089 4653 1163 4707 niers
1181 4664 1347 4723 euvoyerout
1364 4657 1436 4707 leurs
1454 4653 1658 4707 ambassadeurs
1676 4653 1772 4705 devera
1790 4654 1815 4705 le
1827 4654 1886 4720 Ray
1904 4671 1974 4722 pour
1992 4655 2058 4708 faire

1090 4729 1305 4776 remonstrances
1322 4729 1351 4775 ct
1372 4723 1565 4791 supplicatione
1588 4738 1655 4788 pour
1678 4738 1738 4774 eux.
1775 4723 1819 4773 Au
1836 4738 1937 4777 mesme
1955 4725 2059 4777 instant

70 4783 162 4840 2756.
176 4785 205 4849 1)
224 4785 386 4853 deperditae.
1091 4790 1242 4844 arriserent
1259 4791 1332 4844 aussi
1355 4793 1449 4843 lettres
1467 4792 1500 4845 de
1522 4792 1548 4843 la
1570 4799 1632 4857 part
1649 4790 1684 4842 du
1702 4790 1796 4843 (lomte
1815 4790 1921 4842 Palatia
1940 4793 2058 4845 electeur

173 4854 203 4917 2)
224 4855 318 4910 Etiam
336 4855 400 4909 baec
418 4853 595 4909 desideratio.
636 4853 737 4909 Ultima
756 4855 877 4909 Gallaeii
892 4857 970 4911 nobis
985 4857 1041 4924 fait
1091 4859 1235 4912 tendentes
1252 4858 1268 4910 a
1284 4875 1385 4912 mesme
1403 4860 1452 4912 fin:
1470 4860 1609 4914 tellement
1627 4875 1679 4927 que
1698 4859 1791 4927 leRoy
1807 4859 1967 4912 sollieitede
1985 4871 2058 4913 ceste

70 4923 109 4978 N.
128 4921 206 4976 2714.
243 4922 390 4978 Ferrarius
406 4923 451 4978 ille
468 4924 528 4990 ipse
544 4926 588 4978 air
604 4924 705 4979 nobilis
725 4923 933 4979 Cenomanensis
953 4924 1041 4991 faisse
1092 4937 1165 4981 sorte
1183 4934 1212 4981 et
1229 4937 1331 4996 voyant
1349 4929 1479 4981 lebesoin
1498 4927 1561 4996 qu‘il
1579 4927 1702 4980 avoitdu
1720 4931 1886 4980 secouredes
1904 4936 2058 4998 estrangers

69 4992 179 5047 videtur
201 5008 278 5062 qrrem
301 4993 375 5047 Hiet.
398 4993 458 5048 eccl.
485 4994 508 5046 I.
526 4991 560 5045 99
588 4991 631 5046 Sr.
658 4993 691 5046 de
714 4993 742 5048 la
759 4991 887 5048 Ferriere
910 4995 1041 5062 nominat,
1091 4996 1207 5050 accorda
1224 4997 1303 5064 qu’on
1326 4997 1469 5066 procedast
1490 4998 1551 5064 plus
1573 4995 1734 5048 douoemeut
1757 5012 1789 5048 eu
1814 4996 1841 5047 la
1861 5011 1940 5048 cause
1963 4997 1996 5049 de
2014 5015 2058 5050 ces

69 5064 119 5184 31&
136 5061 264 5116 Lutetiae
280 5061 393 5130 degebat
408 5068 434 5117 et
456 5062 487 5116 ia
504 5064 582 5116 caiae
600 5060 713 5116 aeaeae
731 5062 781 5129 (aa
794 5060 846 5130 pra
863 5078 919 5116 aar
940 5062 1041 5130 Oleros)
1092 5065 1266 5134 prisonniers.
1301 5066 1383 5118 Aussi
1405 5066 1431 5117 le
1458 5066 1502 5118 feu
1527 5081 1602 5117 cessa
1628 5081 1696 5132 pour
1718 5066 1835 5132 quelque
1861 5072 1948 5132 temps
1971 5074 1999 5118 et
2023 5085 2059 5120 on

92 5145 115 5184 o.
139 5133 163 5185 le
188 5130 291 5199 Mapoa
314 5132 356 5186 dit
374 5131 420 5186 Lo
440 5130 550 5186 Rioiere
574 5147 599 5185 a.
623 5129 691 5185 1555
717 5137 806 5186 maus
830 5132 940 5200 prbrum
963 5133 1041 5186 iristi-
1093 5150 1247 5200 commoneo
1263 5132 1280 5185 a
1297 5134 1427 5202 procedet
1445 5152 1495 5201 par
1512 5132 1730 5201 eslargisamens
1748 5142 1794 5187 ele.
1812 5132 1848 5197 ef.
1866 5133 1939 5187 Hist
1957 5136 2018 5189 eccl.
2036 5135 2058 5187 1.

71 5205 168 5254 tanat.
1094 5201 1152 5255 132.
1186 5201 1266 5256 Vides
1280 5204 1436 5271 principum
1455 5207 1668 5257 intercessorem
1676 5208 1788 5269 propter
1803 5204 1924 5255 rationes
1935 5204 2061 5271 politicas

173 5265 202 5331 3)
223 5267 261 5322 Ν.
280 5266 358 5336 2743,
375 5274 430 5325 aot.
448 5268 474 5322 4.
1094 5272 1222 5326 maiorem
1239 5272 1359 5336 effectum
1378 5272 1506 5328 iababse
1521 5286 1602 5341 quam
1620 5270 1810 5324 Helvetiorum.

1800 5354 1856 5408 44·

520 1375 660 1440 Ioannes
682 1373 842 1440 Calvinus
864 1381 950 1440 tuus.

1085 4328 1291 4342 ὴ
