4688 5902
1048 270 1310 373 61666666
1332 308 1545 370 666-6666
2234 310 2301 372 666

300 309 365 374 403

300 517 418 564 eorum
442 496 483 562 de
504 494 727 575 Geneyatibus
749 493 856 577 opinio
878 504 912 558 et
933 494 1102 559 sententia
1116 494 1144 575 ²)
1187 491 1274 557 Nam
1325 493 1504 568 sustineas,
1537 513 1634 576 quam
1662 494 1759 578 longe
1786 502 1897 576 pateat
1924 491 2044 559 laboris
2078 493 2126 558 tui
2160 493 2300 568 utilitas,

303 589 339 647 et
367 581 449 646 mibi
477 582 512 646 iu
538 603 611 646 mea
637 600 735 647 eausa
763 579 834 645 usui
868 600 939 645 esse
967 580 1103 662 poterit,
1136 589 1169 643 et
1197 577 1273 642 alibi
1324 579 1440 660 quanti
1469 578 1598 645 intersit
1617 600 1660 644 ex
1689 580 1813 664 insigni
1834 579 1946 645 661616
1967 578 2099 660 prodire
2120 578 2216 644 verbi
2237 579 2302 643 mi-

305 667 393 750 apud
414 668 549 746 661666,
577 665 617 732 ad
645 664 883 749 ooarguendam
913 664 1029 729 horum
1056 665 1186 728 inanem
1209 664 1274 726 iao·
1325 663 1447 729 nistros
1473 664 1574 747 probe
1595 665 1778 740 institutos,
1806 685 1904 747 quam
1933 664 2037 728 multa
2057 664 2129 729 1666
2157 665 2303 748 irrigent

305 755 453 818 1661166.
1324 750 1379 830 qui
1402 769 1445 813 ex
1467 750 1624 833 Tigurino
1645 751 1734 815 16616
1756 749 1905 815 defluunt
1925 750 1996 814 rivi.
2041 749 2157 832 Itaque
2179 772 2301 834 parum

389 838 442 903 De
463 838 559 904 rebus
580 837 701 903 nostris
723 836 806 901 nihil
828 834 979 917 estquod
1001 834 1151 902 seribam.
1186 833 1275 899 Mul·
1324 833 1430 899 abfuit
1450 836 1530 916 quin
1551 856 1605 900 me
1633 839 1751 918 partim
1779 836 1895 920 religio
1916 836 2037 919 partim
2064 836 2164 900 etiam
2193 835 2301 917 pudor

305 932 371 988 tam
395 922 474 986 dieit
494 922 633 986 salutem
654 941 739 988 uxor
761 931 794 986 et
815 921 934 986 fratres
956 941 1078 986 omnes.
1111 919 1210 986 Mitto
1232 917 1274 982 ad
1324 919 1516 998 cohibuerit,
1538 942 1581 986 66
1598 921 1734 987 verbum
1753 921 1794 987 de
1816 928 1848 986 te
1864 920 2056 987 aoeersendo
2073 922 2180 987 fauere
2199 920 2301 985 aude-

305 1020 338 1072 te
366 1007 477 1073 literas
500 1007 621 1073 Farelli
642 1028 684 1072 ex
705 1007 823 1089 quibus
852 1005 1018 1090 intelliges
1046 1004 1123 1088 quid
1153 1005 1273 1071 eonsti—
1324 1027 1403 1069 rem.
1450 1004 1518 1071 Sed
1540 1005 1617 1071 dum
1642 1007 1747 1072 altera
1767 1030 1808 1071 ex
1837 1019 1930 1089 parte
1951 1007 2034 1070 mihi
2063 1016 2095 1071 et
2122 1027 2218 1071 suam
2241 1028 2301 1071 ne·

305 1103 415 1157 tutum
444 1095 486 1158 sit
514 1093 550 1156 in
579 1093 681 1159 elassa
709 1091 924 1158 Neoeemensi
951 1091 991 1156 de
1017 1091 1171 1172 Corporis
1198 1111 1273 1173 pro·
1324 1090 1509 1156 cessitatem
1531 1092 1690 1158 611161661
1711 1093 1884 1177 populares
1907 1092 1964 1167 tui,
1987 1092 2121 1175 ignosue
2143 1093 2172 1156 si
2190 1093 2301 1175 magis

303 1179 451 1244 faotione.
465 1181 493 1255 9)
536 1177 621 1243 Vale
641 1179 761 1261 optime
782 1187 816 1243 61
843 1177 1033 1242 diutissime.
1077 1178 1273 1242 [lausannae
1323 1179 1359 1240 in
1381 1177 1467 1241 haue
1489 1190 1616 1258 partem
1638 1178 1767 1244 inelino.
1809 1179 1968 1243 11616616
1990 1177 2075 1241 idem
2098 1176 2301 1242 desiderium

259 1267 264 1281 '
304 1267 355 1328 29.
377 1263 534 1328 Ianuarii.
547 1264 574 1348 ⁴)

788 1400 878 1463 'I'uus
900 1398 1019 1463 Petrus
1044 1396 1186 1462 Viretus.

739 2010 833 2080 25⁹1.

539 2180 770 2248 OALVINUS
789 2178 1033 2245 VERMILIO.
1134 2254 1136 2257 .

306 2440 335 2503 T
381 2353 583 2451 1666661666
612 2354 642 2417 es'
668 2351 732 2416 660
758 2357 792 2416 61
815 2350 970 2416 Genavam
1000 2352 1142 2417 66666161
1167 2354 1270 2421 rateto

333 2458 427 2503 6666.

304 2609 358 2671 (Ex
381 2607 547 2676 autographo
571 2605 844 2672 061066661076,
866 2604 989 2660 161112.
1010 2637 1041 2646 -
1058 2607 1165 2663 Habent
1188 2610 1270 2664 etiam

301 2677 460 2730 ’1666611666
478 2676 542 2731 Cod.
561 2674 618 2743 108,
642 2676 687 2729 fol.
708 2674 751 2737 86,
773 2676 1100 2744 1166.Β6ι·6.’1“66.71.
1124 2695 1149 2745 p.
1169 2676 1220 2731 705
1242 2685 1270 2733 61

324 2746 452 2799 Simlerus
470 2745 528 2798 Vol.
547 2743 587 2798 89.
624 2745 724 2798 Vei-sio
741 2745 846 2813 anglica
865 2750 954 2797 exstat
971 2744 1045 2798 Tom.
1064 2745 1110 2801 llI.
1128 2763 1154 2814 p.
1169 2745 1242 2811 313.)

386 2915 576 2981 Clarissimo
597 2917 669 2980 viro
691 2925 724 2980 et
745 2915 833 2980 fideli
851 2914 977 2980 Christi
995 2937 1091 2980 servo
1110 2916 1147 2981 D.
1166 2917 1267 2982 Petro

300 3001 442 3086 Martyri
470 3000 623 3068 eeclesiae
646 3001 824 3086 Tigurinae
846 3000 970 3067 doetori
992 3000 1085 3066 fratri
1107 3003 1188 3067 mibi
1210 3003 1267 3068 ob·

297 3087 467 3152 servando.

1056 3173 1179 3258 Γ116661.

382 3342 416 3408 S.
454 3342 500 3409 Ut
520 3342 580 3407 tibi
597 3361 671 3407 mea
692 3341 734 3407 ad
757 3342 967 3425 Westpbolmn
985 3345 1120 3426 eiusque
1141 3344 1267 3410 sodales

297 3428 463 3509 responsio
480 3428 505 3512 ¹)
527 3428 685 3510 plaeuerit
708 3428 799 3505 (nolo
821 3430 910 3493 enim
931 3429 1017 3494 male
1039 3439 1116 3495 ante
1137 3438 1267 3512 tempus

295 3514 449 3597 ominari)
489 3516 608 3579 certior
639 3534 698 3596 per
730 3515 819 3580 huno
856 3515 1013 3581 6666166
1052 3516 1124 3580 fieri
1163 3515 1265 3598 66616.

297 3598 531 3681 Qualeounque
553 3606 664 3663 tamen
681 3600 746 3663 erit
767 3612 861 3664 tuum
880 3600 1045 3678 iudicium,
1066 3600 1167 3666 libere
1184 3601 1267 3665 mihi

296 3685 431 3768 explica.
472 3685 585 3767 Neque
607 3705 686 3750 vero
707 3687 826 3750 mirum
850 3688 913 3749 erit
934 3686 961 3750 si
983 3687 1065 3751 forte
1088 3707 1152 3750 uon
1173 3706 1266 3767 pror-

295 3791 352 3836 sus
373 3770 432 3834 tibi
454 3769 555 3834 faeiat
582 3771 662 3836 satis
683 3791 758 3835 mea
777 3771 896 3855 agendi
918 3773 1015 3850 ratio,
1043 3792 1140 3853 quam
1169 3792 1266 3854 saepe

294 3866 421 3921 mutare
443 3863 578 3921 eonatus
601 3876 685 3922 sum.
718 3853 829 3936 Quum
851 3865 959 3922 16666
979 3877 1045 3921 666
1067 3856 1133 3921 alia
1154 3877 1265 3922 66666-

295 3952 383 4007 66661
402 3942 530 4016 melior,
559 3962 640 4022 6666
668 3943 817 4024 pertenui
842 3942 935 4007 616611
966 3943 1156 4008 166166166
1186 3955 1264 4006 erat.

294 4028 417 4110 Aliqua
449 4028 547 4091 etiam
572 4048 614 4090 ex
641 4036 734 4108 parte
766 4027 896 4109 eulpam
925 4027 1028 4091 diluet
1056 4027 1108 4094 vel
1141 4027 1266 4093 levabit

294 4113 470 4178 festinatio.
514 4111 581 4177 Sed
610 4131 652 4176 66
681 4111 741 4175 1111
769 4111 990 4194 praeiudicare
1017 4113 1146 4192 videar,
1175 4114 1265 4178 omni

294 4199 503 4263 excusatione
524 4197 727 4280 supersedeo.

380 4284 426 4348 Et
453 4303 540 4349 6666
574 4282 637 4347 alia
669 4282 829 4367 gravioris
861 4284 1019 4347 momenti
1052 4303 1151 4350 eausa
1182 4285 1266 4349 mihi

295 4368 423 4452 agenda
444 4380 504 4446 est,
531 4376 570 4432 61
598 4377 631 4432 16
653 4368 693 4431 ad
721 4367 960 4450 suseipiendam
982 4389 1102 4434 novam
1122 4371 1265 4437 voeatis-

294 4475 371 4518 nem
410 4453 571 4518 exhorter.
583 4453 612 4537 ²)
664 4452 769 4518 Video
802 4474 900 4536 quam
939 4474 1026 4521 6666
1063 4457 1265 4538 provineiam

394 4685 424 4784 6
447 4724 484 4779 6
510 4725 718 4782 emmanu
734 4731 847 4781 mas
865 4725 904 4781 aa
924 4726 981 4782 66.
1000 4726 1081 4783 666.
1100 4728 1213 4783 rotatum
1229 4726 1264 4781 6-

292 4798 381 4866 pesas
407 4795 494 4848 Vieeto
511 4794 584 4916 {aad
599 4796 705 4862 petebat
720 4809 874 4876 concessam
891 4811 956 4850 6666.
972 4864 988 4876 ..
1234 4862 1253 4876 ..

385 4861 424 4946 ,3)
444 4863 480 4916 N.
498 4863 515 4916 2
534 4861 574 4918 77.
585 4863 660 4917 2579.
678 4861 753 4917 2586.
782 4865 876 4918 Idibus
886 4864 1001 4919 Martia
1021 4863 1130 4918 Genera
1148 4869 1262 4918 16666661

294 4934 452 5081 Luml'l·
473 5015 487 5053 e
504 5017 577 5055 6666
594 5017 627 5055 ea
650 5001 786 5065 66166116
802 4999 919 5069 6616666
936 5002 979 5056 lue
996 4999 1130 5055 6116611166
1149 4994 1205 5055 666
1223 5006 1265 5055 eet

355 5070 556 5200 Amida
573 5137 716 5260 salmoe
731 5141 826 5190 tamese
838 5137 894 5189 1666
912 5141 975 5190 6616
992 5088 1096 5190 adsum
1110 5135 1263 5202 6666116661.

501 4933 584 4986 ‘mm
600 4931 683 4999 (1166.
702 4933 736 4986 de
752 4932 780 4986 16
801 4931 905 5000 (lamp.)

396 5207 425 5273 2)
445 5204 486 5259 De
503 5207 596 5274 priore
685 5202 726 5260 N.
743 5201 818 5258 2089.
836 5201 912 5257 2112.
932 5203 975 5258 116
992 5204 1043 5259 boe
1060 5202 1262 5260 eouoSdmidt

1323 1283 1383 1326 sua
1406 1263 1614 1328 vehementia
1635 1265 1735 1329 nimis
1756 1263 1905 1345 impellit,
1935 1275 2032 1344 atque
2054 1263 2126 1328 ideo
2147 1264 2301 1347 rogantis

1324 1361 1433 1428 partes
1460 1349 1624 1430 suseipere
1650 1349 1855 1431 malequam
1880 1348 2051 1413 hortantis.
2097 1348 2301 1430 Quanquam

1324 1452 1390 1496 666
1423 1434 1470 1498 116
1505 1435 1667 1501 6666661166
1699 1435 1781 1498 mihi
1813 1433 1943 1511 videor,
1983 1435 2063 1516 quin
2096 1446 2128 1499 te
2168 1435 2299 1499 hortari

1323 1516 1461 1582 audeam
1488 1518 1529 1584 ad
1558 1520 1706 1585 ferendas
1734 1521 1821 1599 genti
1851 1533 1927 1584 tuae
1953 1521 2135 1602 suppetias,
2163 1520 2300 1601 quaudo

1323 1613 1355 1667 et
1378 1605 1489 1687 magni
1516 1608 1672 1670 momenti
1699 1627 1751 1670 res
1779 1619 1830 1671 661
1858 1605 2055 1671 ineolumem
2084 1604 2170 1670 tueri
2198 1605 2300 1672 huius

1323 1688 1476 1754 eoelesiae
1509 1700 1642 1756 statum.
1693 1691 1807 1773 Neque
1839 1691 1922 1755 alius
1954 1691 2126 1774 quisquam
2157 1690 2299 1756 idoneus

1323 1776 1473 1840 ooeurrit.
1508 1776 1670 1858 Equidem
1692 1787 1814 1858 quanto
1841 1776 1921 1841 haee
1942 1776 2081 1841 eonditie
2109 1787 2168 1840 tua
2195 1778 2298 1841 16661-

1324 1870 1391 1924 tate
1419 1861 1553 1925 inferior
1581 1863 1712 1927 sitnon
1742 1862 1864 1945 ignoro.
1912 1860 1979 1926 Sed
2001 1861 2066 1926 alia
2093 1863 2157 1926 erit
2178 1882 2298 1944 operae

1322 1945 1478 2011 leuandae
1500 1948 1592 2023 ratio,
1615 1948 1643 2011 61
1654 1947 1770 2013 Galles
1787 1968 1913 2030 quoque
1934 1949 1971 2011 16
1992 1949 2176 2030 6661616666
2194 1951 2297 2012 inter·

1322 2034 1502 2112 pretatione
1529 2034 1641 2097 iuvare
1670 2053 1736 2096 non
1764 2034 1920 2116 graveris.
1963 2032 2048 2098 Nam
2078 2034 2130 2099 vel
2158 2033 2296 2099 alternis

1322 2116 1468 2199 legemus
1491 2139 1550 2182 nos
1572 2118 1646 2195 duo,
1670 2119 1724 2183 vel
1741 2119 1825 2200 quod
1844 2120 1948 2202 magis
1969 2119 2121 2200 plaeeret,
2144 2130 2296 2201 essetque

1321 2221 1395 2265 meo
1412 2202 1531 2268 iudieio
1544 2204 1667 2278 utilius,
1687 2216 1791 2268 totum
1810 2226 1892 2269 onus
1910 2204 1969 2269 tibi
1987 2205 2171 2288 resignabo,
2190 2204 2294 2287 quoad

1321 2299 1380 2350 tua
1412 2289 1622 2354 commoditas
1648 2290 1744 2375 16661.
1792 2290 1906 2373 Neque
1939 2291 2027 2354 enim
2060 2304 2110 2355 est
2142 2289 2231 2372 quod
2264 2305 2293 2354 te

1322 2371 1497 2439 difficultas
1525 2386 1684 2451 meretur,
1717 2376 1847 2458 quando
1881 2377 1927 2439 tui
1960 2373 2084 2440 arbitrii
2116 2374 2294 2440 moderatio

1322 2458 1393 2522 erit.
1436 2458 1611 2524 (16616666
1633 2462 1710 2542 quia
1732 2464 1779 2526 tui
1808 2464 1888 2526 iuris
1910 2483 1976 2525 nen
1999 2482 2048 2536 es,
2078 2458 2302 2526 6661666116

1321 2543 1477 2609 eeclesiae
1493 2546 1545 2610 661
1557 2545 1731 2612 6161616166
1748 2568 1783 2612 66
1805 2546 1924 2612 iudieio
1935 2547 2118 2629 permittas.
2154 2545 2291 2611 Tantum

1321 2629 1383 2694 huo
1405 2630 1463 2695 abs
1485 2643 1518 2696 te
1539 2633 1749 2712 impetratum
1772 2634 1867 2715 66616
1889 2643 1935 2704 ut,
1965 2632 1992 2698 si
2015 2631 2076 2697 tibi
2098 2632 2177 2696 data
2197 2633 2291 2696 fuerit

1320 2714 1463 2793 libertas,
1486 2736 1529 2780 ne
1546 2716 1624 2799 quid
1641 2719 1810 2783 666616616.
1848 2719 1940 2794 Vale,
1962 2718 2173 2783 ornatissime
2192 2719 2288 2782 viret

1321 2799 1400 2864 mihi
1423 2802 1459 2864 in
1477 2801 1615 2867 Domino
1633 2804 1820 2869 venerande
1842 2804 1952 2869 frater.
1988 2802 2147 2869 Salutant
2169 2817 2201 2869 16
2221 2804 2286 2886 plu·

1320 2885 1441 2951 rimum
1469 2888 1611 2972 collegae
1633 2889 1843 2954 66666661.
1884 2892 1915 2954 A
1937 2891 1978 2954 D.
1991 2887 2185 2955 -Marebioae
2205 2887 2284 2954 salu-

1320 2978 1387 3036 tem
1409 2994 1474 3036 nen
1504 2972 1651 3039 adscribo
1673 2975 1750 3055 quia
1777 2974 1890 3041 literas
1911 2977 1952 3040 ab
1974 2996 2012 3040 eu
2042 2976 2187 3057 reeipies.
2223 2975 2282 3038 Do·

1318 3056 1429 3122 minus
1451 3065 1484 3121 te
1506 3060 1701 3141 6616116666
1721 3081 1843 3144 regere,
1866 3061 1989 3126 virtute
2010 3060 2126 3126 fulsire
2145 3074 2178 3125 61
2198 3078 2279 3143 piae·

1319 3140 1401 3207 sidio
1428 3144 1513 3208 tueri
1527 3197 1529 3205 ,
1542 3156 1666 3229 pergat.
1716 3145 1873 3212 Genevae
1901 3146 2006 3229 pridie
2034 3146 2197 3211 Calendas
2224 3144 2277 3208 Fe·

1319 3228 1466 3295 bruarias
1494 3235 1583 3295 1557.

1775 3368 1916 3456 Ioannes
1938 3367 2097 3434 Calvinus
2120 3375 2200 3430 tuus.

1752 3945 1851 4013 6666.

1549 4097 1783 4166 666666
1806 4047 2021 4165 insuaue.
2036 4105 2062 4175 ι)

1404 4266 1587 4334 0666616166
1615 4290 1685 4333 eam
1717 4272 1751 4333 in
1788 4271 1878 4334 certis
1911 4269 2100 4351 6611661666
2131 4263 2260 4353 estest-§llll

1310 4353 1451 4435 positam
1470 4360 1499 4418 61
1519 4355 1625 4421 dubiis
1644 4360 1797 4435 6666166,
1825 4356 1864 4421 de
1889 4375 2021 4437 6666666
2041 4361 2157 4423 661666
2181 4361 2261 4420 16661

1316 4459 1355 4504 66
1376 4440 1618 4506 6616666616
1639 4439 1804 4521 6111166
1825 4442 1896 4506 61161
1912 4446 2017 4523 potest

1318 4610 1412 4675 (11666
1436 4611 1536 4679 6661616
1552 4628 1607 4666 666
1629 4617 1726 4666 exstat.
1762 4611 1857 4668 Edidit
1875 4612 1945 4665 Besa
1962 4613 2065 4670 (16666.
2083 4630 2109 4682 6.
2128 4611 2185 4675 180,
2200 4610 2261 4664 lau·

1316 4696 1341 4748 p.
1360 4677 1418 4744 373,
1437 4678 1542 4733 Hanov.
1559 4697 1587 4749 6.
1604 4680 1664 4745 421,
1688 4681 1793 4735 016661
1815 4679 2072 4805 6611661616
2092 4680 2149 4735 117.
2183 4677 2262 4735 Gallu

1513 4765 1593 4802 veras
1610 4750 1709 4818 legitur
1725 4751 1753 4804 iu
1771 4749 1837 4807 edit.
1854 4751 1943 4804 Berol.
1962 4768 1988 4820 p.
2006 4749 2041 4804 21
2060 4754 2080 4818 .)

1322 5002 1407 5056 Vena.
1424 5000 1484 5055 206.
1520 5005 1558 5059 Ia
1579 5009 1655 5060 66616
1679 5004 1814 5062 Italorum
1833 5005 1985 5062 (lenovensi
2005 5007 2122 5062 babebat
2137 5023 2198 5062 6666
2214 5001 2266 5062 ael·

1314 5085 1359 5125 ees
1377 5070 1584 5142 Martiaeapam
1601 5081 1626 5128 61
1649 5073 1843 5140 0666666166,
1859 5091 1974 5145 quoram
1993 5075 2037 5131 bs'e
2054 5090 2115 5130 6666
2128 5077 2266 5144 praerepta

1310 5142 1555 5276 abel'ltdllllo'gde‘tb
1566 5213 1596 5264 in
1616 5210 1710 5268 061116
1727 5212 1911 5282 6666666166
1928 5228 1985 5268 6666
2001 5228 2065 5269 rere
2082 5213 2170 5269 616676
2185 5217 2227 5268 661.
