4778 5888
136 304 201 364 aar
249 384 252 389 ¹

1028 305 1109 366 loce
1132 301 1239 369 AUG.
2057 306 2122 372 278

134 489 248 553 minus
260 487 292 551 id
314 487 386 552 fieri
396 488 499 570 possit
509 495 645 567 mature,
664 488 784 572 absque
800 489 940 573 longiori
952 488 1105 555 dilatione
1156 487 1280 552 habent
1300 497 1339 554 ut
1358 509 1460 571 quum
1482 489 1523 554 ab
1544 511 1583 555 ea
1605 491 1788 558 discessisti.
1840 491 1948 559 Hodie
1971 493 2035 558 huo
2064 513 2124 575 ap·

136 581 172 639 et
192 572 387 637 detrimento
408 573 569 639 ecclesiae.
620 573 735 656 Itaque
767 596 831 640 non
857 573 960 639 audeo
984 575 1104 658 impor·
1156 573 1240 655 pulit
1266 572 1418 640 Enardus
1446 574 1716 642 Dombressonus.
1731 576 1757 661 ¹)
1816 576 1869 642 Ad
1896 584 1930 643 te
1963 577 2123 644 mittimus

136 667 216 724 tnnc
237 659 368 723 instare.
398 656 559 741 Spesiam
581 659 690 741 aliqua
710 659 799 726 facta
812 669 862 726 est
883 660 923 726 de
944 664 1106 725 conventu
1154 658 1266 723 literas
1286 679 1367 741 quas
1387 660 1457 744 ipse
1485 661 1602 741 attulit,
1632 682 1653 726 a
1683 661 1776 728 nobis
1802 669 1912 728 tamen
1940 663 2124 746 resignatas

135 756 172 810 et
193 742 422 809 deliberatione
450 746 697 826 praecipuorum
718 746 956 829 theologorum:
990 766 1105 811 verum
1156 752 1190 808 et
1218 743 1385 828 perlectas.
1435 746 1488 810 Ex
1515 747 1567 811 his
1593 746 1756 831 intelliges
1782 748 1940 830 quomodo
1967 755 2128 830 exceptus

135 851 239 912 quum
261 828 314 895 hic
331 849 458 911 quoque
474 829 602 914 longior
623 851 715 895 mora
732 832 958 897 interventum
975 831 1026 909 sit,
1049 850 1105 895 oro
1156 829 1198 894 sit
1226 827 1402 913 (lelloapius
1429 838 1463 894 et
1487 838 1686 914 quantopere
1715 832 1840 897 anardi
1867 833 2007 898 reditum
2038 831 2123 898 desi·

136 938 179 981 ne
200 915 469 999 praetermittatis
490 916 542 981 vol
563 916 656 981 brevi
678 915 787 998 aliqua
813 916 948 999 epistola
968 937 1105 982 consen-
1156 912 1279 979 darent.
1330 914 1495 996 Quoniam
1521 938 1598 981 vero
1630 916 1669 981 de
1700 927 1730 981 te
1757 937 1869 983 omnes
1891 937 2003 985 sumus
2024 917 2122 983 vehe-

136 1004 263 1066 sionem
290 999 377 1063 inter
408 1021 468 1065 nos
495 1011 642 1066 mutuam
674 999 847 1079 declarare,
881 1013 914 1067 ct
944 1003 1003 1066 toti
1035 1002 1106 1066 orbi
1156 1007 1283 1063 menter
1304 1000 1441 1078 solliciti,
1472 1010 1506 1066 te
1532 1023 1683 1084 rogamus
1705 1023 1902 1086 magnopere
1933 1011 1973 1068 ut
2001 1005 2029 1068 si
2058 1024 2123 1085 qua

135 1086 314 1152 christiano
325 1093 479 1151 testatum
492 1087 605 1162 faeere,
624 1108 721 1168 quam
741 1087 1106 1152 abhorreatisaBeren·
1156 1106 1191 1149 se
1213 1086 1335 1150 occassio
1358 1087 1474 1151 offerat
1495 1086 1536 1151 ad
1557 1108 1618 1152 nos
1639 1086 1799 1153 scribendi
1825 1088 1949 1153 nullam
1977 1096 2122 1170 praeter·

136 1173 290 1256 garianae
313 1169 456 1236 haeresis
478 1171 614 1253 perfidia
643 1193 803 1255 quamque
832 1172 1007 1257 vigilantes
1034 1172 1105 1237 sitis
1156 1170 1277 1247 mittas,
1310 1191 1373 1253 quc
1403 1180 1496 1236 tuum
1518 1172 1656 1237 reditum
1685 1180 1910 1255 exspectemus
1940 1173 2122 1239 alacriores.

134 1259 171 1322 in
215 1256 390 1322 asserenda
420 1256 577 1323 adversus
613 1256 843 1339 depravatores
882 1257 1041 1323 catholica
1073 1265 1106 1321 et
1156 1255 1224 1320 Nos
1246 1255 1371 1320 interea
1392 1257 1723 1339 Dominum·precari
1752 1280 1819 1323 non
1848 1258 2040 1324 desistemus
2068 1259 2123 1340 qui

136 1340 320 1406 orthodoxa
347 1341 420 1405 fide.
474 1342 564 1408 Haeo
592 1343 705 1426 petitio
732 1364 804 1408 mea
831 1364 932 1424 quum
955 1343 999 1408 sit
1019 1344 1106 1408 iusta
1156 1348 1248 1405 tuam
1270 1342 1502 1423 profectionem
1519 1343 1674 1408 secundet
1695 1364 1732 1408 ao
1750 1342 1877 1425 dirigat,
1899 1345 1992 1410 ouius
2010 1342 2124 1408 ducem

131 1429 172 1492 in
193 1449 229 1492 re
243 1427 426 1492 necessaria
447 1435 480 1491 et
497 1428 570 1492 utili
583 1429 640 1492 toti
660 1428 810 1494 ecclesiae
821 1429 894 1507 Dei,
917 1450 981 1493 non
999 1428 1105 1492 solum
1156 1447 1226 1491 esse
1248 1447 1312 1490 non
1336 1424 1531 1505 dubitamus,
1553 1436 1653 1510 utque
1675 1428 1766 1493 brevi
1796 1437 1827 1494 te
1854 1431 1947 1494 nobis
1975 1429 2126 1495 restituat

135 1512 221 1577 nihil
253 1522 363 1578 metuo
396 1533 437 1576 ne
467 1513 548 1576 mihi
580 1513 774 1597 denegaturi
802 1515 873 1580 sitis
909 1513 992 1596 quod
1021 1522 1104 1596 peto,
1156 1511 1283 1577 salvum
1305 1521 1338 1576 et
1358 1513 1553 1578 incolumem
1574 1515 1819 1581 cumfratribus
1840 1515 1992 1580 omnibus
2014 1515 2069 1597 qui
2091 1534 2126 1580 se

135 1597 194 1663 sed
217 1599 314 1662 etiam
336 1597 514 1680 persuadeo
525 1598 617 1677 mihi,
640 1620 768 1664 summa
778 1599 945 1664 voluntate
962 1610 1106 1664 vestram
1158 1597 1215 1661 tibi
1238 1595 1458 1663 adiunxerant
1478 1600 1550 1663 viae
1573 1599 1714 1664 comites.
1760 1599 1891 1666 Salutat
1912 1609 1944 1665 te
1966 1621 2040 1666 oum
2058 1599 2125 1664 tuis

134 1682 371 1748 consessionem
393 1683 595 1749 exhibituros
617 1706 695 1759 esse,
726 1706 824 1767 quum
847 1683 938 1750 vobis
965 1686 1000 1748 in
1031 1705 1106 1749 con·

135 1777 250 1850 spectu
290 1777 324 1833 et
354 1769 511 1833 memoria
542 1769 730 1834 dulcissima
768 1771 812 1834 sit
849 1769 907 1834 illa
938 1770 1106 1852 promissio

134 1853 270 1918 Domini
303 1855 404 1919 nostri
436 1855 514 1920 Iesu
546 1853 688 1933 Ohristi,
725 1855 809 1938 quod
849 1855 903 1937 qui
935 1857 1108 1921 confitetur

135 1940 243 2022 ipsum
272 1960 382 2006 coram
412 1939 541 2016 mundo,
574 1961 649 2004 eum
678 1941 822 2006 vicissim
850 1941 997 2006 confiteri
1028 1940 1109 2005 velit

135 2025 172 2089 in
194 2025 292 2090 coelis
319 2047 427 2092 coram
450 2035 542 2108 patre
570 2047 628 2090 suo
657 2035 691 2090 et
719 2026 844 2110 angelis
875 2026 944 2090 suis
977 2026 1106 2091 sanctis.

135 2109 173 2174 Is
193 2131 293 2175 verae
314 2109 390 2176 fidei
411 2112 510 2176 robur
538 2111 573 2175 in
601 2112 765 2176 constanti
794 2111 1003 2189 confessione,
1033 2132 1106 2193 per-

136 2197 357 2261 severantiam
389 2198 424 2261 in
462 2197 550 2261 omni
581 2197 711 2278 pietate,
744 2197 938 2280 patientiam
969 2196 1004 2261 in
1040 2217 1108 2261 om·

135 2280 233 2345 nibus
272 2281 436 2360 adversis,
486 2282 603 2364 spiritu
652 2303 711 2347 suo
753 2281 915 2365 paracleto
964 2290 1108 2364 praestet

135 2375 256 2450 augeat
298 2388 336 2432 ac
368 2369 538 2434 confirmet
579 2368 613 2431 in
654 2367 746 2432 nobis
779 2389 880 2451 usque
917 2368 951 2432 in
997 2369 1104 2432 finem.

132 2451 177 2516 In
210 2449 323 2517 eodem
355 2453 468 2518 beatae
500 2454 586 2517 vitae
619 2458 652 2517 et
690 2453 803 2519 salutis
838 2460 951 2518 autore
986 2463 1020 2518 et
1052 2452 1106 2517 da·

134 2546 206 2603 tore
239 2538 322 2602 bene
349 2538 465 2616 valete,
492 2536 614 2603 domini
642 2544 674 2601 et
710 2538 827 2605 fratres
861 2544 1049 2604 reverenter
1069 2538 1105 2602 in

134 2633 328 2707 perpetuum
352 2622 554 2698 observandi,
576 2644 690 2706 meque
712 2643 810 2706 quam
834 2624 976 2707 primum
996 2631 1105 2689 vestro

133 2729 290 2792 responso
313 2707 491 2792 dignemini
513 2718 598 2791 peto.

220 2843 416 2929 Hambnrgi,
438 2864 551 2908 mense
574 2848 736 2928 Augusto,
757 2848 856 2910 Anno
877 2843 1040 2943 MDLVI.

568 3355 669 3426 2529.

399 3507 600 3576 vlauuus
623 3506 839 3575 OALVINO.

222 3680 361 3746 Graecae
376 3685 580 3761 protempore
600 3680 710 3762 dapem
726 3698 795 3744 eam
806 3677 896 3743 Besa
916 3679 952 3742 ιἰι
968 3677 1102 3742 ebrocis

130 3767 228 3832 ammi
249 3765 380 3831 aedibus
407 3763 555 3830 umnelin
587 3765 616 3830 ei
647 3784 727 3829 nova
758 3764 855 3829 tradi
881 3783 920 3828 ea
950 3762 1032 3840 arbe,
1063 3783 1102 3826 ea·

130 3852 259 3918 Inedia
279 3858 308 3916 ct
329 3851 500 3935 Hispania.
529 3850 634 3916 4Βειιι
655 3850 692 3914 de
712 3869 768 3914 auo
779 3867 888 3929 peasa
909 3847 1004 3945 addit.

273 4023 328 4088 (Ex
346 4021 514 4091 autographo
531 4021 596 4075 cod.
615 4020 716 4074 Gener.
735 4018 808 4086 1111,
825 4018 870 4072 fol.
889 4016 959 4084 198.)

218 4192 348 4259 Eximio
376 4192 502 4258 Ohristi
528 4211 625 4259 servo
654 4191 696 4256 D.
723 4189 844 4255 Ioanni
873 4188 1012 4255 Calvino
1034 4188 1099 4255 fido

127 4280 340 4347 Genevensis
374 4279 527 4345 ecelesiae
553 4276 677 4361 pastori
708 4276 803 4341 fratri
835 4283 869 4341 et
899 4284 1099 4361 symmystae

126 4366 308 4450 plurimum
325 4363 536 4430 observando.

754 4495 1014 4565 Francofordiae.

1157 1683 1307 1747 omnibus
1334 1683 1423 1748 Besa
1451 1692 1484 1746 et
1513 1684 1609 1750 amici
1641 1704 1763 1750 omnes.
1826 1685 1908 1750 Vale
1936 1686 2057 1766 optime
2087 1705 2125 1750 ac

1158 1765 1347 1833 diutissime.
1393 1768 1584 1847 Genavae2)
1608 1769 1720 1834 Galen.
1739 1769 1905 1853 Septemb.
1932 1775 2020 1833 1556.

1643 1905 1733 1970 Tuus
1755 1907 1876 1971 Petrus
1900 1904 2039 1971 Viretus.

1242 2074 1295 2137 Ex
1318 2095 1381 2156 quo
1401 2073 1477 2140 hinc
1504 2074 1679 2139 discessisti
1699 2074 1760 2140 hoc
1790 2072 1907 2140 accidit
1935 2075 2010 2140 novi
2041 2075 2127 2158 quod

1158 2158 1239 2222 mihi
1261 2158 1435 2224 exciderat.
1485 2158 1700 2225 Advenerunt
1725 2158 1808 2225 duae
1838 2181 1879 2224 ex
1908 2161 2026 2225 intima
2046 2160 2126 2224 His·

1157 2245 1255 2325 pania
1276 2244 1417 2309 familiae
1440 2266 1521 2328 quae
1543 2266 1577 2310 se
1604 2245 1681 2311 huic
1703 2245 1855 2310 ecclesiae
1882 2246 2125 2329 coniungerent.

1157 2327 1354 2395 Laudandus
1377 2329 1540 2394 Dominus
1562 2330 1618 2412 qui
1639 2330 1769 2395 odorem
1798 2330 2005 2414 evangelicae
2035 2351 2126 2412 prae-
2213 2362 2222 2371 ·

1157 2413 1327 2480 dicationis
1354 2415 1394 2479 ad
1433 2415 1525 2479 illam
1558 2435 1685 2498 quoque
1719 2424 1849 2500 gentem
1883 2413 2012 2480 diffudit
2043 2437 2126 2498 quae

1157 2507 1225 2564 tam
1247 2501 1411 2565 inaccessa
1432 2500 1612 2565 videbatur.
1656 2502 1709 2565 Ex
1731 2502 1783 2566 his
1801 2500 1988 2583 primordiis
2005 2508 2039 2565 et
2059 2501 2126 2584 pri·

1156 2585 1257 2650 mitiis
1278 2586 1417 2651 maiores
1437 2586 1562 2651 fructus
1584 2586 1820 2669 exspectamus.

1241 2756 1339 2820 Mitto
1362 2754 1403 2820 ad
1425 2763 1457 2820 te
1485 2755 1598 2822 literas
1626 2756 1666 2820 ad
1707 2756 1900 2822 Volmarium
1928 2763 2085 2834 nostrum,
2100 2759 2126 2834 8)

1156 2860 1236 2923 quas
1256 2860 1336 2925 rogo
1357 2851 1394 2905 ut
1419 2841 1460 2905 ad
1493 2861 1569 2906 eum
1595 2840 1803 2922 perferendas
1833 2861 1927 2908 cures
1955 2862 2023 2906 una
2052 2861 2126 2907 cum

1156 2926 1222 2990 tuis
1251 2925 1490 2992 commentariis
1516 2927 1552 2990 in
1582 2924 1664 2992 Acta
1695 2928 1912 3009 apostolorum
1939 2925 2127 3010 posterioris

1156 3010 1318 3090 editionis,
1340 3012 1405 3077 nisi
1425 3013 1495 3093 ipse
1516 3010 1612 3076 malis
1641 3033 1715 3076 eum
1738 3012 1891 3089 invisere,
1920 3010 2005 3095 quod
2027 3011 2126 3078 veho·

1155 3104 1284 3162 menter
1304 3117 1456 3182 cuperem
1480 3095 1508 3162 si
1530 3097 1609 3162 satis
1631 3097 1797 3163 commode
1818 3098 1890 3163 fieri
1913 3104 2029 3182 posset.
2065 3095 2126 3163 Sin

1156 3183 1281 3261 minus,
1304 3203 1382 3266 rogo
1403 3189 1513 3246 tamen
1538 3189 1576 3246 ut
1598 3181 1721 3266 aliquid
1744 3182 1785 3247 ad
1816 3204 1892 3248 enm
1919 3180 2056 3262 scribas,
2085 3203 2126 3249 ex

1155 3288 1244 3417 infin
1250 3267 1411 3353 intelligat
1442 3267 1502 3333 tibi
1536 3267 1618 3332 nihil
1651 3268 1760 3361 minus
1792 3289 1889 3352 quam
1924 3268 2126 3333 voluntatem

1178 3374 1195 3417 e
1245 3373 1305 3419 sse.

1757 3490 1818 3554 uh.
1841 3489 1931 3554 Beaa
1953 3496 2039 3554 tuus.

1582 4050 1683 4122 2580.

1383 4202 1644 4271 esuusslus
1667 4201 1884 4270 ΟΑΙΝΙΝΟ.

1236 4375 1342 4443 Malta
1364 4381 1392 4441 et
1412 4376 1504 4440 coria
1520 4395 1599 4441 nova
1616 4375 1748 4440 minuis
1775 4374 1919 4438 momenti
1945 4371 2117 4456 mamaea

1153 4461 1277 4529 Genava
1298 4461 1416 4553 αιειιιιι·
1434 4462 1570 4528 numici.

1152 4623 1156 4627 .
1172 4619 1352 4628 .-·-———.-ae—-

180 4760 186 4773 .
219 4671 254 4739 S·
288 4673 397 4740 Aedes
418 4681 492 4737 ιω
520 4670 751 4771 Pmupavimus
781 4689 841 4753 ⁰3⁰
873 4676 906 4768 βπ
919 4667 1031 4767 .B⁶⁸a’
1060 4689 1100 4768 ,Ψ
1150 4716 1483 4783 2529.1)Dombrcaaoa
1500 4717 1576 4770 ιιιιιιι
1598 4720 1638 4769 est
1657 4716 1688 4768 ιἰι
1711 4714 1762 4768 Vct
1785 4713 1818 4768 de
1841 4713 1904 4768 Rus
1926 4694 2119 4770 Neocomo'au

128 4758 250 4844 quibus
271 4779 449 4844 regnamus
470 4766 504 4824 et
520 4777 719 4841 imperamus
738 4774 797 4848 pro
814 4755 962 4854 arbitrio..
980 4753 1101 4852 lledror
1150 4787 1356 4855 ,mmm
1379 4786 1467 4841 m
1488 4784 1570 4839 kun-3
1594 4783 1709 4839 Mam,
1758 4782 1862 4838 Mo„
1885 4798 1981 4852 ΜΗ
2003 4783 2116 4838 Mum-a

128 4845 176 4911 de
195 4844 307 4911 morbo
323 4846 404 4911 bene
422 4865 553 4926 sperare
569 4842 694 4920 iubent,
716 4860 812 4923 quem
824 4861 890 4905 non
912 4847 1103 4905 existimant
1149 4855 1237 4910 redux
1254 4860 1320 4910 aaa,

128 4941 201 4998 tam
233 4952 303 4997 esse
335 4938 558 4997 contumacem
592 4928 670 5011 quin
702 4925 853 4992 remediis
885 4924 986 4990 cedat.
1039 4924 1102 4989 Est

128 5026 244 5084 autem
265 5018 336 5082 eius
357 5015 487 5100 generis
497 5024 534 5078 ut
555 5013 661 5097 magis
678 5010 920 5078 vietusratione
937 5009 1101 5075 curandus

1251 4923 1280 4988 ι)
1305 4923 1424 4977 Va'retara
1439 4926 1576 4989 secretam
1596 4919 1718 4974 Graecae
1736 4918 1822 4983 faiam
1844 4917 1883 4973 ad
1904 4919 2117 4975 remorandust

1150 4991 1329 5047 ramnum
1346 4991 1427 5045 ιιιαιιι
1443 5005 1476 5043 ec
1493 4992 1562 5044 actia
1578 4992 1687 5043 ιιιιιιιιιι
1704 4986 1743 5041 ad
1758 4986 1801 5042 31.
1819 4986 1890 5056 Aac.
1908 4987 2046 5056 discimus,
2087 4990 2119 5044 ιιι·

1150 5061 1176 5115 ιι·
1191 5066 1216 5114 ct
1232 5059 1361 5114 medicam
1379 5063 1404 5113 et
1420 5057 1580 5114 matrinam
1596 5054 1787 5125 suppeditavit.
1827 5055 1939 5111 Videtur
1956 5058 2037 5113 cimel

129 5125 172 5170 ac
204 5102 413 5185 corrigendus
444 5100 594 5166 videatur
633 5119 730 5181 quam
762 5096 874 5161 multis
905 5094 1100 5177 pharmacis.
1151 5129 1210 5183 „ini
1225 5129 1296 5182 vica
1313 5127 1418 5182 ,mm

127 5189 232 5256 Domi
265 5197 340 5252 tuae
372 5189 482 5252 omnia
510 5185 602 5251 salva
639 5190 718 5250 sunt
750 5192 782 5247 et
810 5182 846 5246 in
879 5180 959 5246 urbe
992 5182 1101 5245 omnia

1251 5195 1281 5263 3)
1299 5194 1347 5250 ,ιιι
1362 5211 1439 5265 quem
1457 5200 1546 5250 tamea
1567 5192 1696 5249 onasus
1713 5208 1768 5247 aea
1785 5190 2019 5329 waram
