4688 5902
283 387 346 447 475

1108 374 1339 442 aplsrolrs
1361 379 1444 442 2629

2213 378 2271 438 att

205 559 208 564 ⁸
283 568 469 653 intelligant
490 567 581 632 euius
603 564 650 629 rei
672 564 715 629 sit
732 565 899 641 memoria,
919 565 1254 653 deniqueuetdugus-
1306 565 1355 631 cie
1377 585 1486 629 rerum
1508 563 1687 630 visibilium
1714 570 1937 647 repraesentet
1966 563 2052 647 quod
2081 564 2174 629 Deus
2202 582 2273 628 oum

285 655 374 719 tinus
402 655 437 716 in
468 651 554 716 Psal.
577 650 706 714 xxxvii.
727 648 829 715 dieat:
853 650 957 715 Nemo
980 648 1170 716 recordatur
1191 648 1254 714 nisi
1307 650 1463 735 symbolis
1485 649 1642 725 exhibet.)

285 737 370 823 quod
391 739 426 802 in
448 736 633 819 praesentia
650 755 715 800 non
737 745 787 800 est
804 736 946 818 positum
969 742 1030 801 etc.

629 939 812 1023 Propositio
836 944 865 1004 3.
879 944 905 1018 ⁵)

371 1077 546 1163 (Symbola
568 1077 703 1142 minime
724 1075 815 1140 nuda
841 1086 927 1152 sunt,
961 1074 1019 1140 sed
1049 1077 1152 1158 ipsam
1186 1096 1256 1140 rem

1393 737 1521 801 Rursus
1540 735 1695 800 insidiose
1716 743 1750 800 et
1770 735 1930 801 insincere
1952 735 2051 800 etiam
2067 735 2133 800 ista
2149 755 2273 818 ponun-

1306 829 1370 885 tur.
1403 822 1488 886 Nam
1507 820 1658 885 videntur
1676 821 1757 885 haee
1774 821 1861 886 hunc
1879 842 2011 887 sensum
2029 819 2272 903 praeseferre:

1309 905 1458 989 symbola
1487 927 1588 988 quum
1611 928 1674 970 non
1705 906 1864 971 duntaxat
1890 907 1956 971 sint
1983 906 2160 990 figurativa
2183 905 2274 972 exhi·

1309 990 1389 1056 bent
1420 991 1517 1056 simul
1538 990 1672 1057 cuilibet
1700 991 1856 1076 symbolis
1877 992 2084 1074 participanti
2106 1012 2160 1056 res
2180 992 2274 1073 ipsas

1309 1076 1361 1141 Ita
1383 1076 1566 1141 Lutherani
1588 1077 1710 1142 volunt
1760 1075 1798 1142 Si
1819 1084 1928 1142 autem
1950 1079 2023 1160 quis
2044 1083 2197 1143 nostrum
2217 1077 2275 1142 hoc

285 1186 413 1247 semper
434 1184 512 1227 vere
530 1184 567 1227 ac
584 1174 680 1239 certo,
704 1160 789 1244 quod
810 1163 929 1226 attinet
940 1161 1047 1226 Deum
1066 1162 1256 1243 promitten·
1308 1172 1407 1245 neget
1428 1172 1485 1227 aut
1506 1163 1643 1226 nimium
1664 1163 1729 1228 illis
1752 1162 1821 1226 dari
1843 1163 1969 1237 clamet,
1992 1171 2070 1229 sunt
2093 1164 2193 1229 verba
2221 1182 2274 1244 ap·

286 1261 352 1317 tem
370 1259 402 1315 et
423 1250 623 1326 offerentem,
644 1250 852 1313 coniunctam
874 1247 1005 1325 habent,
1018 1248 1086 1311 sive
1108 1247 1257 1312 fidelibus

285 1336 357 1403 sive
377 1333 563 1400 infidelibus
585 1335 831 1416 proponantur.)
1014 1340 1018 1352 ³

372 1421 520 1486 Obscura
559 1420 621 1482 ista
653 1429 731 1482 sunt
763 1439 823 1484 nec
863 1419 988 1482 sincere
1021 1425 1256 1500 proponuntur.

286 1507 417 1572 Scimus
439 1525 517 1570 sane
540 1503 648 1569 Deum
671 1526 798 1585 semper
820 1525 891 1568 esse
913 1515 945 1567 et
966 1505 1000 1567 in
1034 1502 1257 1584 promissioni-

285 1592 346 1657 bus
368 1603 401 1655 et
422 1592 457 1655 in
475 1590 687 1656 sacramentis
705 1590 773 1654 suis
792 1609 953 1667 veracem,
977 1591 1046 1653 sive
1069 1609 1128 1653 nos
1146 1588 1257 1652 ereda-

285 1699 360 1742 mus
382 1677 452 1742 sive
475 1697 539 1740 non
563 1675 739 1741 credamus.
791 1675 832 1739 In
855 1675 915 1740 hoe
938 1674 1028 1739 nulla
1052 1683 1101 1739 est
1128 1684 1257 1738 contro-

286 1764 403 1828 versia.
456 1762 507 1826 De
527 1761 582 1825 illo
604 1763 645 1825 lis
667 1773 725 1836 est,
748 1782 790 1824 an
818 1759 967 1825 infideles
989 1761 1023 1823 in
1046 1760 1259 1824 sacramentis

284 1847 319 1912 id
338 1848 519 1931 percipiant
538 1845 622 1929 quod
645 1866 713 1910 non
734 1848 797 1910 nisi
815 1846 879 1910 fide
897 1846 1017 1927 percipi
1037 1844 1164 1927 potest?
1186 1845 1258 1908 Iam

287 1955 365 1999 vero
388 1935 496 1998 verbis
519 1932 726 1997 confessionis
748 1932 795 1995 ita
824 1931 943 1995 ludunt
970 1932 1063 2012 quasi
1087 1932 1123 1994 in
1152 1951 1259 1995 sacra-

287 2021 407 2083 mentis
429 2040 558 2101 semper
578 2039 630 2082 res
651 2017 723 2099 ipsa
752 2026 785 2081 et
814 2017 1009 2100 symbolum,
1040 2016 1103 2080 nisi
1133 2015 1259 2079 nudum

287 2106 383 2169 fateri
412 2105 561 2180 velimus,
587 2104 633 2168 sic
666 2102 918 2185 coniungantur,
954 2111 991 2164 ut
1024 2103 1079 2183 qui
1112 2100 1259 2183 symbolo

288 2191 462 2274 participat
483 2212 519 2253 re
541 2191 614 2270 ipsa
635 2208 762 2270 quoque
785 2190 946 2270 particeps
964 2190 1030 2251 fiat.
1076 2187 1126 2251 Ne
1149 2197 1259 2251 tamen

288 2286 322 2340 et
344 2276 405 2340 hoc
429 2275 620 2357 simpliciter
649 2294 836 2338 concessum
864 2273 1024 2350 videatur,
1053 2272 1258 2356 adiungitur:

1309 1248 1415 1330 posita
1447 1268 1529 1330 quae
1562 1250 1804 1330 tergiversatori
1841 1247 2010 1314 commoda
2043 1249 2119 1314 sint.
2180 1246 2275 1313 Dicet

1310 1335 1414 1397 enim:
1436 1331 1504 1397 dixi
1526 1332 1675 1416 symbola
1696 1343 1950 1415 repraesentare,
1972 1355 2050 1418 ergo
2073 1342 2107 1399 et
2127 1334 2276 1417 figurare,

1310 1417 1419 1483 Deum
1441 1427 1550 1483 autem
1573 1440 1639 1484 non
1661 1418 1827 1483 hominem
1850 1440 1920 1483 rem
1941 1420 1993 1486 vel
2016 1418 2165 1503 symbola
2188 1418 2276 1483 exhi·

1311 1505 1395 1569 bere.
1441 1505 1489 1568 At
1510 1503 1602 1569 Deus
1624 1526 1692 1569 rem
1715 1526 1782 1570 non
1799 1504 1855 1569 dat
1873 1506 1934 1570 nisi
1957 1504 2102 1571 credenti
2120 1514 2181 1570 etc.
2225 1504 2277 1568 In·

1310 1599 1400 1654 terea
1425 1609 1503 1655 vero
1525 1591 1738 1655 Lutheranus
1760 1590 1940 1655 intellexit:
1968 1589 2006 1656 Si
2034 1611 2103 1654 non
2131 1591 2276 1673 figurate,

1311 1696 1388 1757 ergo
1408 1694 1498 1741 ‚vere
1530 1685 1563 1739 et
1596 1675 1862 1741 substantialiter.
1918 1674 2006 1741 Sunt
2037 1676 2148 1758 itaque
2182 1675 2278 1740 verbs

1311 1761 1521 1826 confessionis
1544 1760 1591 1824 sic
1612 1762 1718 1842 posita
1738 1772 1775 1825 ut
1796 1769 1931 1842 utraque
1953 1782 2030 1844 pars
2048 1782 2145 1826 suum
2163 1760 2277 1843 dogma

1310 1846 1351 1911 iis
1373 1846 1546 1911 defendere
1568 1847 1677 1929 possit
1709 1845 1749 1910 Id
1767 1845 1852 1929 quod
1870 1846 1944 1911 lites
1961 1848 2047 1928 parit
2063 1867 2131 1910 non
2148 1845 2276 1910 dirimit

1396 1930 1539 2015 Signum
1560 1931 1691 2014 quidem
1718 1953 1777 2014 per
1808 1951 1852 2008 se,
1881 1941 1920 1996 ut
1947 1932 2041 2014 panis
2069 1931 2125 1996 vel
2155 1932 2276 2008 vinum,

1312 2037 1378 2081 non
1406 2028 1456 2082 est
1484 2025 1741 2096 sacramentum,
1771 2038 1875 2099 neque
1902 2039 1954 2082 res
1981 2018 2054 2099 ipsa
2081 2037 2142 2098 per
2172 2037 2217 2092 se,
2244 2025 2278 2079 ut

1311 2124 1385 2168 caro
1408 2113 1440 2166 et
1463 2103 1598 2185 sanguis
1621 2101 1753 2182 (lhristi,
1775 2110 1824 2168 est
1846 2111 2095 2180 sacramentum,
2117 2099 2177 2167 sed
2194 2110 2277 2167 utra·

1312 2208 1374 2270 que
1391 2188 1489 2252 simul
1512 2188 1715 2253 constituunt
1739 2196 1988 2253 sacramentum.
2022 2188 2190 2254 Unionem
2207 2207 2277 2270 ergo

1311 2274 1366 2338 vel
1389 2275 1650 2338 coniunctionem
1673 2274 1710 2337 in
1730 2273 1943 2339 sacramentis
1970 2273 2196 2357 agnoscimus,
2218 2292 2277 2336 non

288 2362 372 2443 quod
395 2364 513 2425 attinet
540 2360 648 2424 Deum
675 2360 929 2441 promittentem,
942 2396 943 2399 =
958 2368 996 2422 ut
1017 2358 1180 2441 refugium
1203 2379 1259 2439 pa·
1312 2368 1422 2424 autem
1445 2359 1629 2423 naturalem
1651 2380 1715 2441 qua
1736 2359 1876 2423 alterum
1904 2367 2117 2424 eonvertatur
2138 2360 2175 2423 in
2204 2358 2277 2422 alte-

288 2457 357 2512 teat
379 2444 520 2528 aliquod,
538 2454 634 2527 atque
655 2445 702 2507 ita
724 2442 804 2508 illud
826 2444 913 2526 quod
939 2443 1121 2508 Lutherani
1149 2453 1260 2526 postu·
1311 2466 1393 2523 rum,
1415 2453 1472 2509 aut
1490 2444 1631 2509 alterum
1649 2445 1854 2509 contineatur
1874 2452 1908 2507 et
1929 2443 2098 2510 delitescat
2117 2445 2154 2508 in
2173 2443 2276 2520 altero,

289 2530 360 2596 lant
383 2542 416 2595 et
438 2553 497 2595 nos
521 2528 599 2595 dare
628 2529 781 2594 nolumus
807 2538 842 2594 et
868 2528 994 2595 dedisse
1025 2528 1261 2611 quodammodo
1312 2529 1369 2595 sed
1391 2529 1593 2612 spiritualem
1616 2528 1758 2612 adeoque
1785 2529 2062 2606 sacramentalem,
2086 2551 2186 2613 quam
2211 2550 2277 2595 con·

288 2625 322 2681 et
344 2638 409 2681 non
432 2617 558 2680 dedisse
577 2615 756 2680 videamur.
1284 2632 1288 2704 ι
1311 2625 1397 2680 sture
1416 2616 1552 2680 dicimus
1570 2616 1777 2680 institutione
1790 2615 1935 2690 Domini,
1947 2615 2189 2699 significatione
2206 2616 2277 2680 item

374 2702 559 2766 Lutherani
587 2721 699 2766 omnes
728 2698 914 2784 symbolum
943 2698 1069 2764 nudum
1098 2698 1262 2764 definiunt
1284 2706 1288 2788 t
1313 2722 1464 2766 rerumve
1486 2709 1520 2766 et
1536 2701 1758 2783 symbolorum
1776 2700 1987 2766 similitudine
2008 2701 2062 2766 vel
2084 2700 2234 2784 analogia
2249 2705 2278 2765 et

288 2786 372 2869 quod
405 2809 477 2852 rem
508 2789 614 2870 ipsam
645 2787 862 2871 significatam
895 2806 1023 2868 semper
1055 2786 1260 2851 coniunctam
1312 2787 1376 2851 fide
1398 2795 1511 2851 mutua
1531 2787 1596 2851 Dei
1616 2785 1829 2869 hominisque.
1873 2786 1957 2851 Nam
1980 2784 2143 2852 Dominus
2166 2805 2278 2869 panem

289 2893 358 2937 non
381 2873 489 2938 habet.
533 2872 607 2937 Nisi
628 2870 689 2937 hoc
711 2872 886 2955 agnoveris
904 2870 1093 2937 clamabunt
1114 2871 1162 2935 illi
1186 2891 1261 2953 per·
1312 2874 1455 2938 instituit
1477 2894 1543 2937 non
1565 2880 1604 2937 ut
1624 2871 1747 2938 cibaret
1769 2892 1903 2954 corpora
1922 2871 2151 2957 singulariter,
2171 2870 2226 2937 sed
2245 2878 2278 2935 ut

289 2966 389 3041 petuo
411 2969 443 3024 te
465 2957 590 3022 nudum
617 2956 738 3022 habere
767 2958 908 3040 signum.
962 2955 1028 3022 Sed
1062 2976 1177 3021 revera
1204 2956 1262 3020 illa
1313 2968 1400 3024 asset
1421 2958 1564 3041 corporis
1592 2959 1644 3024 sui
1670 2959 1784 3040 figura.
1835 2958 1968 3023 Etenim
1996 2959 2091 3041 panis
2115 2966 2150 3023 et
2171 2977 2277 3039 corpus

289 3045 406 3109 merito
427 3043 517 3109 nuda
545 3044 639 3127 signa
667 3042 896 3125 nuncupanda
907 3051 987 3107 sunt
1014 3063 1096 3124 quae
1122 3043 1262 3126 mystica
1312 3052 1459 3108 mutuam
1482 3045 1569 3107 inter
1590 3065 1625 3109 se
1643 3043 1827 3127 analogiam
1849 3043 1972 3108 habent
1987 3043 2068 3109 alias
2086 3044 2213 3126 copiose
2228 3063 2277 3107 ex·

290 3150 357 3194 non
377 3140 464 3208 sunt,
488 3151 593 3213 nequa
615 3150 635 3193 a
657 3129 728 3193 Deo
748 3137 936 3194 consecrata
958 3137 1045 3204 sunt,
1068 3136 1165 3210 atque
1183 3126 1262 3192 adeo
1313 3131 1460 3213 positam.
1482 3128 1578 3195 Unde
1601 3136 1635 3194 et
1655 3149 1772 3212 panem
1795 3129 1902 3211 ipsum
1924 3150 2039 3212 eorpus
2060 3150 2160 3195 suum
2177 3127 2277 3212 appel·

290 3214 390 3280 verbo
420 3215 484 3280 Dei
513 3214 770 3298 promissioneve
792 3224 826 3277 et
847 3214 981 3296 spiritus
1008 3233 1127 3278 arcana
1149 3233 1262 3294 opera·
1313 3216 1403 3292 lavit,
1426 3223 1464 3279 ut
1485 3216 1540 3297 qui
1561 3213 1601 3279 de
1629 3235 1712 3296 pane
1733 3214 1794 3280 hoo
1817 3214 1884 3278 edit
1905 3215 1987 3281 sciat
2014 3236 2049 3280 se
2078 3236 2146 3280 non
2167 3234 2277 3299 panem

292 3301 381 3366 tione
400 3310 521 3367 carent.
552 3300 647 3366 Licet
668 3321 746 3383 ergo
768 3319 925 3383 negemus
943 3299 1093 3383 symbola
1110 3299 1263 3382 baptismi

292 3395 324 3450 et
345 3408 464 3453 coenae
485 3406 602 3452 revera
624 3393 657 3450 et
679 3406 807 3468 semper
825 3386 861 3449 in
884 3406 919 3450 se
936 3386 1102 3450 continere
1126 3406 1178 3449 res
1196 3385 1261 3467 sig-

291 3473 457 3551 nificatas,
500 3492 566 3537 non
606 3478 715 3535 tamen
755 3469 843 3535 nuda
886 3471 980 3553 signa
1018 3471 1260 3537 constituimus.

290 3558 510 3640 Agnoscimus
528 3558 616 3621 enim
638 3557 789 3620 instituta
811 3563 845 3620 et
866 3565 1052 3621 consecrata
1074 3576 1144 3620 esse
1167 3554 1262 3620 aDo-

289 3643 389 3722 mino,
412 3641 523 3706 addita
540 3643 753 3725 promissione
769 3640 899 3718 illustri,
912 3643 965 3707 cui
983 3642 1038 3723 qui
1060 3641 1164 3706 credit
1185 3662 1261 3723 ope·

291 3738 385 3793 rante
407 3728 525 3811 spiritu
552 3736 664 3793 sancto
686 3727 825 3811 percipit
848 3747 912 3791 non
943 3748 1062 3810 panem
1091 3726 1260 3804 duntaxat,

291 3813 348 3879 sed
372 3815 536 3880 vivificum
558 3813 617 3877 filii
638 3811 702 3878 Dei
725 3814 833 3878 cibum
855 3821 914 3877 ete.

375 3899 553 3983 Quumque
575 3905 779 3971 sacramenta
808 3907 967 3964 vocentur
993 3899 1149 3980 mysteria
1179 3919 1262 3980 qnae

290 3986 505 4068 spiritualiter
526 3984 720 4067 exponenda
741 3985 816 4062 sint,
839 3992 873 4049 et
890 4004 1019 4065 semper
1040 3985 1086 4047 ita
1107 3984 1142 4046 in
1160 3984 1261 4048 eccle·

290 4072 339 4137 sia
360 4072 426 4136 sint
448 4071 603 4153 exposita,
626 4071 745 4134 mirum
766 4080 816 4133 est
833 4091 892 4135 cur
912 4070 1024 4132 multis
1041 4068 1169 4151 placere
1188 4089 1261 4150 pos·

290 4158 357 4221 sint
367 4158 513 4223 carnales
525 4177 658 4240 prorsus
670 4175 812 4238 nuperae
830 4164 862 4218 et
876 4155 1034 4236 ancipites
1046 4155 1260 4237 loquutionos.

638 4361 823 4443 Propositio
845 4367 874 4423 4.
884 4361 912 4438 ⁶)

378 4497 669 4576 (Sacramentalem
695 4497 829 4562 modum
857 4517 1014 4562 vocamus
1036 4517 1102 4561 non
1132 4497 1187 4578 qui
1219 4497 1262 4560 sit

292 4583 452 4649 duntaxat
471 4584 665 4666 figurativus
684 4583 741 4649 sed
764 4584 820 4666 qui
843 4602 921 4648 vare
943 4602 979 4647 ao
1002 4589 1088 4646 certo
1111 4581 1171 4646 sub
1189 4602 1261 4664 spe·

395 4804 483 4869 b)1a
506 4812 581 4861 testa
604 4812 699 4860 nostro
721 4809 760 4859 est
779 4819 850 4872 pars
871 4803 1066 4872 praecedentis.
1102 4804 1157 4857 Hie
1179 4803 1263 4858 unica

293 4876 437 4929 annotatio
453 4875 551 4942 legitur
568 4875 606 4928 ad
623 4875 719 4928 ultimo
735 4874 818 4928 vebo
834 4873 914 4928 baec:
940 4889 1004 4925 rere
1027 4889 1059 4925 ec
1076 4877 1151 4926 certo
1174 4890 1261 4926 sacra·

293 4950 397 5009 menta,
433 4944 526 4997 taliter
560 4950 651 4996 tamen
686 4949 716 4994 ut
750 4943 831 4995 modo
865 4942 1057 5010 explicabimus
1092 4941 1261 4995 coniunctam

292 5013 420 5066 babeant.

395 5080 425 5144 6)
444 5081 535 5134 Besae
551 5080 719 5148 morpiadio
735 5080 898 5133 boecourt:
920 5078 982 5132 Non
1001 5079 1047 5147 qui
1065 5080 1102 5131 sit
1118 5079 1261 5144 duntaxat)

293 5155 341 5202 aut
364 5150 531 5218 simpliciter.
551 5177 581 5186 -
604 5166 695 5201 rarum
718 5148 875 5212 visibilium)
901 5148 964 5200 fidei
986 5148 1076 5200 oculis.
1096 5176 1126 5186 -
1151 5148 1262 5201 exhibet

294 5225 322 5269 et
340 5218 430 5281 offert)
450 5234 500 5286 per
516 5218 596 5270 fldem
614 5216 870 5270 communicandum.
881 5243 913 5254 -
924 5216 1042 5269 retinere
1061 5222 1089 5269 et
1104 5215 1261 5282 defendere)

1314 3301 1474 3366 duntaxat
1495 3299 1600 3377 edere,
1623 3299 1680 3365 sed
1702 3301 1808 3382 ipsum
1833 3320 1960 3383 quoque
1986 3298 2124 3366 Domini
2152 3317 2276 3382 eorpus:

1313 3397 1491 3469 utrumque
1513 3394 1622 3451 autem
1644 3407 1702 3451 suo
1724 3385 1820 3450 modo
1843 3394 1877 3450 et
1897 3385 2023 3451 ratione
2040 3393 2142 3452 certa.
2184 3385 2276 3450 Fides

1312 3475 1422 3554 itaque
1444 3480 1566 3547 mutua,
1589 3479 1656 3535 tam
1679 3471 1742 3535 Dei
1764 3471 1982 3554 promittentis
2005 3479 2038 3535 et
2060 3471 2170 3537 dantis
2188 3489 2277 3554 quam

1313 3558 1474 3624 credentis
1496 3566 1530 3621 et
1559 3556 1749 3639 accipientis
1778 3557 1932 3635 hominis,
1962 3559 2134 3642 coniungit
2155 3559 2276 3641 signum

1314 3653 1346 3708 et
1368 3645 1551 3727 signatum,
1573 3643 1621 3707 ita
1643 3654 1681 3706 ut
1703 3640 1838 3707 eredens
1866 3662 1932 3707 non
1955 3650 2083 3707 tantum
2115 3643 2277 3726 participet

1314 3749 1369 3793 ore
1392 3729 1535 3812 eorporis
1557 3748 1641 3810 pane
1663 3727 1794 3806 visibili,
1818 3726 1874 3792 ssd
1896 3748 1951 3792 ore
1980 3729 2082 3793 animi
2103 3749 2164 3811 per
2187 3728 2275 3793 fidem

1312 3836 1429 3896 panem
1443 3814 1613 3879 coelestem
1637 3811 1779 3895 adeoque
1800 3814 1910 3896 ipsum
1921 3813 2106 3879 Dominum
2117 3815 2274 3896 pereipiat

1313 3899 1410 3967 Unde
1421 3900 1484 3964 fide
1503 3899 1636 3963 absente
1655 3899 1737 3963 nihil
1749 3899 1889 3981 percipit
1899 3897 2041 3964 infidelis
2059 3900 2124 3965 nisi
2142 3901 2273 3984 signum

1398 3983 1492 4065 Quae
1513 4006 1590 4068 ergo
1612 4004 1689 4048 mox
1718 3985 1751 4048 in
1775 3985 1976 4050 confessione
1998 3984 2225 4062 subiiciuntur,
2245 3989 2275 4048 ut

1314 4080 1468 4154 appareat
1507 4090 1568 4134 nos
1608 4070 1708 4152 ipsius
1745 4071 1888 4153 corporis
1925 4069 2051 4136 Christi
2084 4072 2274 4137 substantiae

1312 4156 1533 4239 praesentiam
1553 4157 1587 4220 in
1609 4176 1710 4220 coena
1731 4158 1872 4221 retinere
1894 4164 1927 4220 ιι
1944 4155 2129 4236 defendere,
2147 4180 2206 4224 nos
2222 4155 2273 4220 mi·

1314 4346 1516 4356 —---——-

1313 4464 1528 4517 coniunctionem
1553 4469 1710 4528 statuamus,
1736 4480 1823 4532 neque
1841 4463 1941 4516 Obristi
1958 4480 2057 4532 corpus
2075 4464 2141 4518 alibi
2159 4464 2275 4533 quernis

1314 4533 1395 4585 coelis
1424 4548 1562 4600 ponamus.
1605 4530 1701 4601 Neque
1729 4533 1800 4585 enim
1832 4533 1986 4585 dubitamus
2014 4534 2080 4601 quin
2107 4533 2230 4587 Christus
2252 4533 2274 4584 ιιι

1314 4601 1396 4654 coelis
1413 4601 1523 4666 sedena,
1547 4600 1594 4652 ubi
1612 4602 1719 4653 demum
1737 4607 1766 4654 et
1787 4604 1876 4669 ipsum
1894 4618 1943 4668 per
1959 4601 2040 4654 iidem
2064 4603 2231 4669 quaerimus,
2251 4616 2274 4653 so

1314 4670 1410 4738 ipsum,
1430 4669 1653 4738 quemadmodum
1663 4677 1742 4724 sonat
1757 4671 1959 4723 sacramentalis
1970 4670 2045 4725 verbi
2062 4669 2189 4738 formula,
2207 4669 2274 4723 nobis

1315 4754 1373 4790 oum
1397 4739 1480 4806 signis
1498 4739 1606 4803 offerat,
1629 4754 1682 4791 non
1700 4739 1789 4792 minus
1812 4754 1974 4807 veroquam
1997 4739 2021 4790 si
2045 4739 2192 4794 visibiliter
2209 4748 2236 4792 ιι
2250 4753 2275 4791 rs

1313 4807 1373 4858 isa
1397 4807 1431 4858 ad
1458 4824 1506 4859 nos
1530 4807 1713 4871 descenderet,
1742 4813 1770 4859 ιι
1788 4824 1836 4860 nos
1862 4808 1938 4860 illum
1955 4807 2102 4860 visibiliter
2120 4817 2148 4861 et
2175 4809 2275 4862 realiter

1332 4877 1518 4944 aglutiremus:
1543 4875 1659 4942 denique
1683 4877 1762 4928 aliter
1786 4876 1909 4944 quidem,
1932 4876 1980 4928 sed
2003 4883 2097 4930 tarneu
2119 4894 2174 4931 non
2197 4878 2275 4930 minas

1314 4961 1378 4996 vere
1396 4962 1476 5013 quam
1495 4960 1542 4996 nos
1561 4945 1649 4996 earnis
1667 4945 1759 5012 oculis,
1781 4946 1840 5012 ipsa
1863 4951 1975 4998 externa
1996 4947 2119 5014 symbola
2141 4949 2275 5000 intuemur·

1314 5041 1347 5050 -
1364 5012 1523 5081 disceptari)
1547 5012 1666 5064 Dicimus
1688 5015 1761 5065 euim
1783 5013 1854 5066 huno
1879 5015 2051 5082 praesentiae
2078 5015 2204 5079 modum,
2230 5029 2276 5083 quo

1314 5097 1357 5134 res
1379 5098 1447 5150 qnae
1472 5089 1514 5135 est
1537 5082 1566 5132 iu
1589 5083 1670 5133 coelis
1694 5099 1753 5134 cum
1778 5083 1860 5150 signis
1885 5099 1953 5151 quae
1975 5083 2002 5134 in
2022 5090 2099 5136 terra
2116 5092 2181 5137 sunt
2198 5098 2276 5152 neque

1313 5151 1435 5203 localiter
1452 5166 1539 5218 neque
1552 5150 1690 5202 definitive
1708 5152 1756 5203 sed
1772 5167 1835 5203 vere
1854 5159 1944 5204 tamen
1963 5158 1991 5204 et
2008 5158 2085 5205 certo
2104 5154 2277 5222 coniungitur,

1312 5219 1363 5271 soli
1381 5219 1439 5271 Deo
1462 5219 1598 5287 cognitum
1621 5234 1687 5280 esse,
1710 5220 1744 5272 de
1766 5221 1839 5273 ouius
1862 5228 1952 5273 tamen
1974 5220 2055 5274 verbo
2079 5222 2192 5276 minime
2209 5222 2277 5275 dubi·

296 5287 418 5353 quamvis
443 5302 530 5354 nequo
557 5287 669 5340 localem
696 5303 783 5355 neque
810 5285 977 5340 definitivam
1003 5286 1140 5354 signorum
1166 5292 1195 5339 et
1221 5288 1261 5339 rei
1311 5293 1408 5341 tamus.
