4754 5880
86 301 128 363 re
227 317 231 322 ·
922 305 1003 366 1556
1024 300 1259 370 anaante.
1816 262 1821 273 ’
2048 310 2090 372 ιο

87 507 151 571 qne
176 488 387 639 eorruptelis,
420 509 504 570 quae
532 489 654 571 peeeim
682 499 876 574 grassentur
903 487 1001 553 hodie
1027 490 1063 554 in
1114 492 1177 574 piis
1206 492 1275 558 euie
1303 492 1471 558 exsulibus
1499 493 1624 558 similes
1644 496 1765 561 excitet
1791 502 1954 577 patronos.
1992 494 2089 577 Quod

86 583 157 638 toto
188 595 268 639 mun
293 594 328 652 o,
362 575 469 658 eripit
517 573 584 640 Sed
616 575 702 658 quod
735 594 865 640 summe
897 573 995 640 laude
1027 576 1062 640 in
1114 576 1157 642 ad
1184 599 1238 641 me
1269 578 1426 661 privatim
1459 586 1594 662 spectet,
1626 580 1710 645 mihi
1738 581 1820 645 mire
1852 591 1983 665 gratum
2015 582 2088 661 fuit,

86 667 227 744 cognato
248 670 306 725 tuo
329 660 465 745 dignum
487 661 552 725 fuit
573 671 701 725 vertere
723 663 756 728 in
775 661 903 738 vitium,
926 660 1064 744 maligni
1114 661 1221 729 adhuc
1260 663 1415 746 antiquae
1447 673 1579 730 nostrae
1617 665 1862 732 consuetudinis
1876 670 1904 741 ⁷)
1935 666 2023 749 apud
2056 676 2090 733 te

85 746 150 811 fuit
169 747 327 829 pravique
348 746 483 829 ingenii.
524 744 651 813 Omitto
673 745 954 832 ingratitudinem,
977 746 1063 829 quod
1113 749 1307 814 memoriam
1334 750 1457 832 rigere.
1493 751 1568 833 Ego
1593 760 1629 815 ut
1657 759 1733 816 tuae
1762 773 1842 835 erge
1867 772 1920 817 me
1949 753 2090 819 benevo-

87 830 265 908 hominem,
292 833 344 898 cui
372 833 448 897 vivo
481 831 624 898 blandiri
653 842 784 898 coaetus
817 839 916 908 esset,
950 832 1064 898 multis
1113 835 1234 900 lentiae
1265 836 1411 900 vioissim
1440 834 1669 918 respondeam,
1700 837 1944 920 quibuscunque
1976 849 2088 922 potero

86 915 214 983 scilieet
236 918 400 983 beneficiis
421 918 606 996 obstrictus,
633 928 799 985 mortuum
822 918 975 984 arrodere
996 939 1062 983 non
1114 921 1228 986 officiis
1251 919 1395 986 studebo.
1439 921 1533 1000 Vale,
1556 923 1838 1004 praestantissime
1861 925 1921 1001 vir,
1951 934 1985 988 et
2006 925 2089 989 mihi

87 1004 228 1068 erubuit.
270 1002 338 1069 Sed
366 1002 444 1085 quid
473 1006 573 1069 facies
601 1026 674 1070 cum
703 1005 842 1069 istorum
870 1004 1062 1085 pervicacia,
1113 1006 1264 1088 inprimis
1296 1006 1495 1072 honorande.
1543 1008 1706 1073 Dominus
1734 1017 1767 1073 te
1797 1030 1926 1092 semper
1954 1019 2088 1075 tueatur

88 1089 207 1170 quibus
235 1090 436 1154 haereticum
464 1100 528 1166 est,
558 1088 713 1172 quidquid
743 1090 797 1155 vel
825 1089 993 1154 tantillum
1022 1091 1062 1154 ab
1113 1113 1189 1157 oum
1222 1102 1334 1158 sancta
1365 1092 1505 1170 familie,
1539 1093 1663 1175 tibique
1696 1093 1883 1160 benedicat·
1920 1095 2087 1173 (tenerae,

88 1195 202 1239 eorum
234 1176 400 1258 figmentis
433 1175 616 1258 discrepet?
669 1173 840 1256 Quomodo
873 1175 1061 1241 hominibus
1112 1177 1219 1261 pridie
1240 1178 1404 1244 Galendea
1425 1178 1540 1243 Martii
1565 1182 1654 1242 1556.

86 1273 270 1342 parcerent,
290 1260 346 1341 qui
363 1262 525 1326 sinceram
535 1262 666 1343 pietatis
681 1261 861 1327 doetrinem
873 1282 938 1327 non
950 1263 1061 1327 minus

87 1354 240 1428 protervo
261 1346 347 1410 fastu
369 1346 571 1424 conculcant,
600 1368 696 1430 quem
719 1347 904 1412 truculenta
925 1348 1062 1412 morosi·

88 1440 155 1495 tate
177 1431 361 1515 respuunt?
1498 1473 1701 1482 --—-—-

176 1517 350 1582 Caeterum
370 1527 408 1582 ut
429 1519 497 1592 tibi¹
527 1519 646 1584 eximie
668 1521 728 1596 vir,
751 1539 810 1600 pro
832 1529 889 1583 tua
912 1518 1061 1584 modera-

88 1603 178 1666 tione
200 1602 326 1685 placida
348 1605 428 1669 haee
451 1605 629 1689 indignitas
650 1605 713 1669 fuit
735 1604 930 1682 devoranda,
961 1606 1007 1670 sio
1028 1613 1062 1670 te

87 1690 237 1771 privatae
268 1690 408 1754 iniuriae
442 1689 532 1756 dolor
564 1688 734 1768 admonet,
774 1691 815 1755 ad
846 1688 1061 1756 cohibendam
1549 1689 1652 1759 2396.

88 1775 186 1839 istem
208 1775 435 1858 intemperiem
458 1785 586 1840 mature
608 1775 792 1842 adhibenda
814 1797 885 1841 esse
907 1775 1060 1841 remedia.

88 1861 162 1944 Ego
194 1863 433 1943 tempestivam,
468 1874 505 1927 ut
538 1863 667 1943 putavi,
700 1863 904 1928 occasionem
938 1871 1062 1936 nactus,
1330 1843 1507 1910 GALVIN
1529 1848 1560 1909 A
1584 1828 1871 1913 SEOHELLES·

90 1947 327 2029 amplissimum
351 1946 511 2013 Senatum
534 1968 593 2029 per
615 1949 726 2012 literae
740 1947 769 2032 ⁴)
791 1948 914 2031 rogavi,
945 1956 983 2012 ut
1011 1949 1062 2012 in·
1367 2017 1374 2029 ,
1448 2015 1456 2031 x

89 2033 219 2098 testinis
250 2034 323 2098 istis
356 2033 498 2098 dissidiis
530 2043 723 2100 occaneret.
760 2034 832 2099 Etsi
866 2043 978 2099 autem
1006 2031 1063 2097 ed·
1201 2015 1414 2116 ‚3thde
1441 2016 1520 2120 (ἦῑξῑ
1545 2017 1688 2082 00660γᾶ6
1705 2024 1732 2082 ⁶3
1750 2039 1794 2082 ⁰²⁴
1807 2023 1943 2119 &filim
1963 2021 2090 2118 mutili

90 2128 208 2183 ventus
236 2118 275 2182 ad
307 2141 365 2184 voe
392 2140 485 2185 meus
511 2141 576 2184 non
606 2130 694 2185 esset
721 2120 803 2192 forte
831 2120 966 2197 inutilis,
978 2124 1003 2197 ὅ)
1030 2127 1064 2183 et
1114 2102 1326 2168 “memmi
1347 2122 1414 2166 Μ
1435 2101 1604 2183 dlffsslfflss
1625 2123 1698 2169 0⁶3⁶
1718 2104 1746 2168 ῑθ
1767 2110 1911 2169 'mmm
1930 2102 2091 2170 Pfflussm·

89 2225 164 2268 eum
187 2206 321 2288 linguae
343 2216 474 2270 nostrae
496 2206 644 2270 homines
666 2215 827 2288 optarent,
855 2206 931 2288 quia
952 2215 1063 2269 tamen

89 2310 142 2353 me
160 2290 311 2374 ingerere
329 2291 505 2356 absurdum
524 2303 603 2367 erat,
622 2290 807 2356 vereounde
826 2300 963 2356 testatus
981 2312 1063 2367 sum,
1115 2272 1677 2410 Qutgogiffjgoeffffsienflgyff}
1695 2270 2091 2412 {Sildpiriggndidelff'sd‘gss

89 2376 171 2439 mihi
185 2397 259 2476 ‚⁰011
286 2397 386 2476 grave
415 2399 475 2475 1¹90
497 2377 672 2474 molentun
695 2378 763 2441 lore
788 2379 866 2453 iter,
896 2377 1001 2476 siqui
1023 2398 1064 2476 ⁰?
1115 2411 1236 2480 plemeut
1254 2411 1302 2463 aa
1320 2411 1430 2462 neure
1448 2410 1480 2462 a.
1500 2410 1585 2485 nu.
1607 2426 1633 2479 ρ.
1652 2408 1713 2465 eet
1748 2410 1783 2463 u.
1803 2412 1912 2464 aenne
1929 2412 1970 2464 aa
1993 2412 2090 2466 l’eveir

91 2469 211 2526 vestris
238 2464 519 2528 concionatoribus
548 2463 697 2528 doetrrne
719 2484 792 2527 mea
820 2464 937 2527 offensi
965 2462 1064 2547 plael·
1116 2481 1210 2549 eopiae
1226 2479 1244 2533 i
1260 2481 1287 2533 lu
1304 2476 1490 2546 bibliotheque
1507 2479 1556 2531 dee
1572 2486 1698 2546 perterre
1715 2478 1749 2531 de
1765 2477 1923 2546 Neuuhitel
1941 2480 1976 2535 ei
1993 2497 2091 2548 oeper-

90 2546 170 2610 dnm
200 2548 396 2630 colloquium
424 2549 646 2630 admittant.⁰)
688 2547 879 2632 Suppetunt
901 2549 989 2613 enim
1010 2570 1063 2613 ra·
1333 2548 1400 2601 dunt
1417 2563 1485 2600 Μ
1502 2564 1537 2601 ¹¹⁰
1554 2546 1656 2601 l'⁸V0¹¹⁸
1673 2564 1722 2616 lm
1740 2549 1875 2614 multia)

91 2632 215 2710 tiones,
247 2634 365 2716 quibus
392 2656 446 2700 ees
475 2635 618 2716 plaeere,
652 2635 757 2716 quoad
782 2637 818 2700 in
839 2655 893 2699 me
921 2636 997 2711 erit,
1031 2643 1065 2698 et

91 2718 195 2798 quoad
218 2721 361 2801 patietur
379 2720 526 2785 veritatis
546 2720 699 2797 defensio,
722 2722 872 2786 conabor.
909 2721 960 2783 'Pu
979 2742 1062 2795 vero,
1202 2717 1362 2784 'Preecher
1391 2719 1478 2783 frere
1507 2739 1601 2800 apree
1624 2739 1704 2784 vous
1726 2719 1818 2783 avoir
1835 2720 1925 2784 eelue
1947 2743 1990 2785 au
2012 2743 2090 2786 nom

89 2807 369 2885 praestantissime
399 2807 463 2882 vir,
494 2827 552 2888 pro
582 2818 640 2870 tua
668 2806 842 2887 prudentia
871 2806 947 2888 quid
978 2806 1064 2869 iactu
1117 2806 1157 2871 de
1179 2806 1277 2884 Dice,
1300 2805 1337 2869 Ie
1359 2826 1440 2870 vous
1461 2804 1617 2868 remeroie
1636 2804 1675 2868 de
1698 2805 1874 2869 boncueur
1891 2806 1934 2869 du
1957 2819 2091 2889 present

91 2890 169 2954 utile
201 2891 244 2955 sit
273 2904 406 2968 statues,
438 2902 607 2973 totumque
634 2893 802 2974 negotium
834 2891 1063 2956 moderaberis,
1116 2912 1178 2974 que
1201 2912 1283 2956 vous
1306 2891 1578 2956 menvciastesau
1600 2891 1682 2953 mois
1704 2888 1744 2954 de
1766 2893 1950 2973 septembre
1961 2892 2091 2958 dernier

89 2975 240 3057 Linguae
263 2995 393 3041 nostrae
414 2977 571 3054 homines,
594 2978 691 3043 sicuti
713 2979 777 3041 iem
801 2979 870 3052 feci,
894 2977 934 3040 ed
955 2976 1064 3042 colen·
1116 2997 1220 3060 pesse.
1234 2976 1259 3061 1)
1304 2976 1340 3040 Ie
1370 2974 1476 3040 desire
1499 2975 1614 3039 devoir
1637 2975 1667 3038 le
1689 2976 1797 3039 moion
1819 2974 1859 3040 de
1881 2977 1912 3040 le
1935 2979 2089 3043 revelloir

90 3061 163 3125 dam
194 3064 280 3126 inter
309 3086 343 3127 se
372 3084 482 3145 pacem
513 3063 637 3127 hortari
666 3084 732 3126 non
760 3062 924 3127 desinam:
958 3064 986 3126 ei
1009 3063 1063 3145 qui
1116 3084 1234 3128 envers
1263 3083 1355 3140 vous,
1386 3082 1513 3125 comme
1540 3061 1665 3141 iespere
1688 3081 1750 3142 que
1772 3060 1858 3126 Dieu
1883 3084 1934 3127 me
1956 3065 1988 3127 le
2009 3063 2090 3128 don·

90 3147 188 3210 etiam
211 3148 312 3212 durae
334 3149 468 3213 cervicis
491 3160 596 3222 erunt,
627 3169 846 3225 ammonere,
870 3171 910 3212 ne
934 3170 968 3213 se
990 3171 1063 3231 per·
1116 3170 1196 3214 nera
1217 3149 1388 3231 ungium,
1411 3146 1559 3213 combien
1588 3168 1651 3228 que
1673 3148 1704 3210 ie
1726 3146 1842 3211 scacho
1863 3169 1927 3229 que
1948 3149 1978 3213 le
2000 3152 2090 3231 prin·

90 3234 194 3298 versis
223 3233 365 3300 dissidiis
394 3233 547 3299 lacerent.
589 3234 675 3299 Nam
704 3235 791 3299 inter
822 3245 896 3298 tuas
923 3235 1064 3299 virtutes
1088 3255 1091 3312 ι
1115 3236 1200 3317 cipel
1218 3256 1281 3316 que
1302 3255 1384 3299 vous
1403 3234 1495 3297 aviez
1516 3231 1664 3309 chartha,
1689 3246 1761 3296 nest
1785 3233 1879 3297 sinon
1898 3233 1938 3298 de
1960 3257 2013 3299 me
2034 3235 2090 3298 de-

89 3318 174 3382 heno
200 3321 270 3384 iure
299 3320 453 3402 suspicio,
484 3320 567 3402 quod
591 3320 730 3385 antehae
752 3321 858 3384 multa
880 3321 961 3384 vitia
983 3320 1065 3384 tole·
1115 3321 1220 3387 olarer
1238 3320 1365 3383 lamour
1382 3341 1445 3401 que
1466 3339 1519 3382 me
1536 3328 1656 3400 pcrtez,
1674 3319 1740 3382 alin
1759 3339 1823 3400 que
1845 3318 1885 3382 de
1904 3341 1980 3384 mon
2002 3334 2090 3387 coste

89 3406 225 3481 raveris,
248 3427 331 3487 quae
350 3427 369 3469 a
387 3420 485 3488 gente
505 3418 615 3471 nostra
637 3406 780 3471 alienare
803 3419 894 3471 tunm
919 3407 1064 3470 animum
1115 3409 1187 3491 iaye
1217 3407 1304 3470 aussi
1334 3405 1482 3469 occasion
1514 3403 1553 3468 de
1581 3423 1663 3468 vous
1693 3405 1805 3482 aimer,
1835 3425 1965 3488 enquoy
1994 3408 2024 3471 ie
2046 3429 2089 3472 ne

89 3501 255 3570 poterent:
286 3493 313 3555 si
336 3491 377 3556 ed
407 3491 683 3574 perseverandum
711 3492 771 3556 tibi
794 3493 919 3556 enimes
945 3491 1065 3556 addere
1115 3491 1327 3575 deffeuidray.
1362 3492 1448 3555 Mais
1469 3511 1594 3555 comme
1615 3511 1697 3553 vous
1720 3510 1832 3571 sqavea
1852 3512 1914 3572 que
1935 3492 1983 3556 les
2006 3494 2088 3556 ami·

88 3597 169 3657 opus
197 3588 298 3654 esset,
333 3578 392 3641 hes
423 3586 533 3660 partes
563 3577 698 3642 minime
727 3577 950 3642 detrectarem.
997 3575 1064 3642 Sed
1115 3579 1178 3642 tica
1201 3577 1258 3642 dee
1286 3577 1428 3643 cretione
1450 3597 1492 3639 ne
1514 3573 1671 3639 doibvent
1690 3595 1750 3657 pas
1767 3585 1854 3641 estre
1872 3597 1956 3660 pour
1978 3580 2088 3644 flatter

89 3660 166 3726 dum
188 3684 315 3727 meeum
339 3677 453 3744 reputo
475 3662 552 3745 quid
575 3684 670 3747 ages,
697 3675 793 3744 teque
815 3673 931 3747 sponte
953 3683 1064 3728 oecur-
1114 3665 1173 3728 lun
1198 3663 1327 3740 laultre,
1352 3662 1435 3726 maie
1462 3681 1546 3744 pour
1575 3660 1738 3724 sedvertir
1764 3662 1853 3726 selon
1881 3663 1949 3743 quil
1978 3683 2019 3728 en
2038 3673 2088 3729 est

88 3769 159 3812 rere
178 3749 261 3812 mihi
284 3748 387 3827 video,
409 3758 644 3831 paternamque
666 3748 918 3814 sollicitudinem
940 3749 1062 3825 testari,
1115 3751 1257 3833 besoing,
1285 3769 1368 3830 pour
1395 3755 1483 3813 ceste
1511 3745 1613 3810 heure
1641 3747 1672 3809 ie
1701 3767 1743 3810 ne
1773 3768 1856 3811 vous
1878 3750 1952 3829 puis
1969 3749 2089 3815 rendre

88 3834 230 3916 nequid
257 3836 382 3900 aecidat
409 3835 504 3900 aliter
526 3857 623 3917 quem
646 3833 822 3913 vellemus,
852 3834 975 3918 pudore
1002 3836 1063 3898 im·
1114 3835 1265 3901 meilleur
1282 3834 1508 3917 tesmoignege
1528 3831 1569 3895 de
1591 3833 1623 3895 la
1645 3832 1752 3896 bonne
1775 3833 1926 3898 affection
1948 3854 2010 3916 que
2033 3836 2087 3921 iay

88 3919 203 4000 pedior
232 3943 275 3984 ne
309 3921 387 4003 quid
418 3933 449 3985 te
477 3942 597 4005 rogem.
644 3920 789 3985 'Pontum
819 3919 984 4003 rogandus
1013 3930 1064 3984 est
1114 3943 1233 3986 envers
1256 3942 1345 3998 voue,
1368 3940 1455 4002 quen
1479 3916 1800 3983 voueedmonestent
1821 3918 1862 3983 de
1883 3940 1920 3984 oe
1941 3939 2088 4002 quepoe·

88 4003 253 4079 Christus,
272 4016 308 4070 ut
326 4020 357 4070 te
376 4027 505 4090 semper
523 4006 563 4070 ad
582 4007 661 4071 haee
680 4005 788 4070 taedia
807 4006 995 4070 devoranda
1012 4007 1063 4069 in·
1114 4007 1196 4072 sible
1224 4027 1306 4071 vous
1335 4006 1493 4070 aestimer
1521 4011 1607 4068 estre
1636 4002 1889 4085 reprehensible,
1912 4005 2045 4088 iusques
2068 4026 2087 4070 a

88 4091 174 4156 victa
197 4093 299 4155 enimi
318 4091 508 4157 fortitudine
527 4094 772 4175 constantiaque
791 4092 912 4168 fuloiat,
935 4101 969 4155 et
986 4092 1063 4157 alibi
1114 4115 1150 4159 ce
1172 4112 1257 4175 quen
1280 4092 1363 4158 soiez
1386 4092 1532 4173 edverty.
1577 4088 1614 4153 Ie
1637 4109 1679 4153 ne
1702 4089 1820 4154 doubte
1841 4091 1935 4172 point
1954 4111 2016 4172 que
2038 4092 2087 4157 les

1114 4178 1268 4243 differens
1297 4197 1360 4259 que
1387 4195 1469 4241 vous
1490 4195 1568 4239 aven
1586 4197 1627 4239 eu
1649 4194 1770 4258 percy
1795 4173 1915 4239 devant
1937 4197 2016 4242 avec
2038 4177 2085 4242 M.

88 4282 295 4294 “-“··
1121 4265 1258 4330 valeres
1291 4271 1399 4328 vostre
1428 4262 1610 4344 peeteur,²)
1636 4281 1677 4325 ne
1699 4261 1762 4326 soit
1788 4260 1926 4342 procede
1954 4262 1994 4326 de
2021 4261 2086 4328 bon

190 4397 220 4461 4)
240 4399 273 4451 de
293 4399 403 4452 erditee.
1115 4437 1317 4445 ---

190 4467 221 4533 6)
241 4416 292 4532 ef?
303 4470 383 4522 πίαηι
401 4470 527 4536 proriae
544 4473 691 4538 aequetua

191 4534 220 4603 6)
239 4536 284 4590 De
301 4539 352 4592 toli
367 4539 507 4607 coaequato,
530 4538 664 4607 siquidem
680 4536 802 4592 babitare
817 4536 924 4605 sadra,
948 4538 995 4591 vie
1013 4537 1062 4591 ali
1215 4535 1245 4602 7)
1264 4534 1434 4590 aurorem
1451 4532 1544 4589 initae
1908 4546 1909 4549 ’

90 4603 154 4670 quid
182 4606 350 4673 meandum
379 4606 468 4671 sciere
494 4609 549 4675 iper·
575 4605 823 4670 Breaecfertcaeer
848 4608 969 4661 minaei
994 4607 1063 4659 rote
1113 4605 1206 4660 2899.
1219 4605 1246 4671 1)
1267 4604 1337 4658 Getta
1360 4606 1435 4658 lettre
1458 4609 1497 4657 eet
1537 4603 1628 4658 adue.
1664 4602 1692 4657 11
1712 4600 1780 4658 e‘tor't
1818 4604 1924 4657 ucetica
1942 4603 1975 4657 de
1993 4604 2034 4657 M.
2052 4604 2087 4658 de

90 4680 181 4739 operte
206 4674 389 4728 declararunt.
425 4675 559 4730 Pellaeus
585 4674 624 4729 od
649 4681 771 4728 temtum
798 4676 954 4742 scripserat,
973 4674 999 4727 d.
1020 4673 1062 4726 19.
1115 4674 1243 4729 &ctetica
1265 4673 1337 4727 deae
1360 4673 1388 4727 lo
1410 4675 1485 4727 lettre
1522 4671 1593 4726 eSt.
1611 4672 1707 4726 Andre
1723 4672 1768 4739 (N.
1838 4670 1867 4738 3)
1885 4680 1909 4726 et
1931 4672 2003 4725 ἀαιιε
2024 4673 2087 4728 celle

90 4740 168 4796 lea.-
192 4743 304 4811 Siquid
327 4745 354 4796 in
373 4745 449 4796 nobi·
472 4744 621 4813 requiritur
639 4760 688 4796 uos
712 4744 839 4825 legitimis
857 4759 891 4797 ex
910 4745 993 4796 verbo
1011 4743 1062 4796 Dei
1113 4743 1147 4797 de
1165 4742 1261 4812 Lueky
1283 4742 1329 4809 (N.
1347 4740 1427 4808 2360)
1452 4741 1536 4810 lequel
1558 4744 1669 4808 Μαί)
1694 4739 1840 4808 &prement
1865 4740 1894 4794 io
1919 4739 2027 4807 deferrer
2052 4740 2086 4797 dc

90 4812 217 4864 ecelesiae
244 4813 351 4865 iudiciis
375 4820 467 4866 nostra
493 4814 649 4866 subiicimus
676 4830 774 4874 omnia,
800 4814 944 4881 paratique
971 4829 1063 4864 sumne
1113 4812 1250 4867 Peullor'n.

89 4893 194 4932 omnem
213 4890 334 4934 noenum
351 4882 502 4935 doctrinam
520 4884 599 4936 cleris
617 4883 767 4950 perspicuis
784 4898 815 4934 eo
832 4882 1063 4935 contendentibus
1214 4879 1244 4946 2)
1264 4878 1323 4933 Dea
1348 4884 1434 4933 coeat
1459 4874 1583 4932 dorric&
1606 4877 1640 4931 dr
1664 4877 1693 4929 lo
1716 4877 1791 4955 lettre
1815 4876 1848 4930 de
1870 4875 1966 4947 Loeky
1985 4877 2083 4932 Galeria

89 4949 282 5015 teripturarnm
310 4951 512 5019 catholicaeque
544 4952 675 5005 ecclesiae
702 4950 865 5003 testimoniis
895 4950 1062 5011 confirmare,
1113 4951 1190 5003 avait
1206 4947 1274 5004 derit
1289 4951 1308 5003 ὰ
1326 4947 1479 5011 Froaefort
1496 4946 1541 5008 (N.
1555 4945 1637 5010 2363)
1656 4961 1694 4998 ou
1712 4952 1782 5011 atari
1799 4944 1832 4999 de
1848 4945 2020 5013 lepporeiee
2073 4949 2087 5001 ι’

89 5017 144 5069 rire
162 5019 293 5087 privatim
311 5021 368 5072 eive
386 5021 493 5089 publice
511 5025 558 5074 eto.
594 5019 642 5072 Ad
659 5020 732 5100 qaod
749 5019 952 5073 emacnctoree
970 5018 1061 5072 oldae
1112 5019 1154 5087 ε’)
1170 5018 1340 5098 ιιιαιιὸίιιίιιιί
1357 5015 1596 5071 conbePoalloia.
1629 5014 1674 5095 iri
1689 5014 1839 5094 werdoni
1855 5031 1890 5094 ort
1907 5019 1964 5069 coil
1977 4963 2084 5085 quadie

87 5092 161 5151 poet.-
180 5087 241 5139 Wir
259 5087 334 5140 nicht
350 5090 475 5156 pertenet
492 5090 578 5156 sepnd
596 5106 646 5141 nus
664 5107 692 5140 ιιι
712 5089 799 5157 einige
810 5088 985 5154 Disputeoion
995 5088 1062 5140 oder
1112 5091 1354 5142 communicatoriae
1371 5087 1409 5139 da
1426 5085 1648 5152 boroapoloanre
1663 5083 1823 5137 lurueoeer
1837 5083 1893 5145 sort
1908 5083 2084 5153 ommendre

91 5154 226 5223 Geepffloh
253 5159 304 5209 nit
330 5157 382 5210 den
410 5157 554 5211 Weleoben
581 5159 762 5221 einuuleaeen,
790 5157 866 5209 eiude
892 5157 959 5209 euch
986 5157 1062 5209 nieht
1110 5172 1163 5279 pue
1187 5156 1219 5210 P.
1238 5154 1305 5210 e'tat't
1327 5171 1367 5209 aa
1391 5169 1445 5222 petr
1468 5153 1495 5207 lo
1522 5168 1603 5208 ceute
1624 5152 1658 5205 dc
1683 5151 1855 5221 l’unlipotbr'e
1879 5151 1945 5207 deal
1969 5153 1991 5206 ai
2016 5150 2084 5208 lteri

88 5223 219 5292 mbuldig.
1130 5225 1207 5291 objet.
1249 5224 1337 5294 chtr
1353 5224 1432 5277 aaeer'
1447 5222 1484 5276 lae
1499 5223 1589 5279 laurea
1604 5222 1731 5290 caeprie

191 5307 302 5362 Catari
316 5324 408 5378 opere
448 5311 504 5365 Vol.
522 5309 552 5364 X
558 5311 606 5364 Vl.
1858 5305 1876 5358 4
