4688 5910
164 2504 167 2512 ·
275 2474 325 2533 tet
341 2488 401 2533 nes
423 2465 614 2550 simpliciter
643 2463 791 2531 eonfiteri
813 2464 996 2543 veritatem,
1019 2471 1053 2530 et
1069 2465 1179 2531 verbis
1199 2465 1249 2530 uti

1033 272 1293 396 memnonia
1315 327 1526 391 nese-aeae
1826 297 1832 315 ’
2211 325 2277 388 sss

721 514 823 587 2382.
1305 519 1373 580 tros
1394 519 1432 579 ut
1459 511 1653 596 eollequium
1682 513 1890 580 instituatur:
1913 518 2089 579 taeuerunt
2106 519 2218 577 autem
2239 530 2277 576 se

483 618 492 633 ·
1305 597 1540 666 cenfessionem
1569 597 1725 665 obtulisse
1756 598 1867 666 inseiis
1890 597 1997 676 nobis,
2020 606 2054 664 et
2076 597 2178 663 talem
2200 595 2277 680 qui·

480 668 815 739 BULHNGERUS
837 669 1055 738 OALVINO.
1305 684 1378 750 dem
1400 705 1483 769 quae
1510 692 1624 751 eontra
1651 705 1711 751 nos
1732 706 1806 752 oum
1828 683 2024 751 adversariis
2046 682 2152 750 faeiat
2199 682 2276 749 Non

615 842 622 855 ⁸
1002 842 1009 855 ‚
1056 841 1063 855 ,
1303 769 1392 835 enim
1418 771 1625 855 agnosoimus
1651 771 1689 836 in
1715 770 1858 837 eeclesiis
1885 770 2006 836 nostris
2033 767 2074 835 de
2103 788 2207 836 oeena
2227 767 2276 835 sie

353 842 475 942 ,ΒΜ
485 841 708 942 ‚mmmm
724 841 764 906 33
780 859 872 940 W
887 846 1084 941 1333333393,
1105 860 1254 922 001W·
1303 855 1462 922 haetonus
1487 855 1634 923 doeuisse
1655 855 1709 922 vel
1731 876 1791 922 nos
1811 855 1865 922 vel
1887 863 2111 923 antecessores
2133 864 2276 935 nostros,

280 934 392 995 mm
407 946 529 994 mmm
550 927 631 1008 9303
650 945 680 991 ¹³
692 924 925 1026 ,ΗΘΜΜΜ
941 926 1253 1027 mmm
1303 941 1399 1007 sieuti
1434 940 1483 1006 illi
1514 943 1717 1010 eenfitontur.
1768 940 1971 1008 Oonfitemur
1997 949 2107 1007 autem
2136 941 2174 1006 in
2198 961 2275 1007 een·

282 1013 443 1080 333333333
465 1016 716 1095 mmm
744 1031 824 1093 W
845 1017 946 1078 333333
967 1031 1091 1078 mmo
1112 1011 1180 1078 0333
1200 1014 1250 1078 333·
1303 1026 1453 1093 sensiens
1481 1035 1647 1094 nostrast
1678 1034 1864 1094 nostrorum
1885 1034 1920 1105 et
1941 1037 2087 1094 nostram
2110 1025 2276 1093 sentinari

1303 1112 1511 1177 sententiam.
1532 1111 1571 1179 si
1587 1110 1761 1181 voluerant
1770 1121 1917 1179 nostram
1928 1113 2132 1197 prinoipibus
2153 1113 2275 1178 efferre

283 1184 413 1267 (Vtuntur
430 1183 496 1237 Μ
513 1199 573 1236 ⁰⁸⁸⁰
590 1197 667 1236 mers
680 1182 1184 1264 adumbrauotsoritendsespistolqe!
1200 1181 1252 1236 ¹¹⁰⁰
1301 1198 1554 1278 eonfeseienem,
1604 1218 1705 1283 quare
1748 1199 1992 1276 eonsensienem
2034 1219 2102 1264 non
2146 1197 2274 1264 obtule·

281 1253 392 1333 qmdem
409 1251 495 1306 forma
511 1268 650 1320 nunquam
672 1250 808 1305 Quarum
825 1267 931 1317 musae,
950 1257 979 1304 et
996 1250 1114 1320 qudem,
1131 1267 1185 1304 nrsr
1202 1251 1251 1305 lal-

281 1322 372 1388 emur,
390 1321 433 1374 uu
449 1319 601 1375 uuluae.
628 1319 827 1373 mansuaria
844 1320 873 1372 in
891 1319 1020 1374 estivis
1035 1319 1122 1374 suren.
1141 1318 1250 1389 supp.
1302 1283 1403 1349 runt?
1427 1290 1485 1350 eto.

282 1389 358 1445 Tem.
379 1388 412 1442 IL
437 1388 483 1443 fol
507 1387 558 1443 387
584 1404 656 1443 nuno
672 1389 744 1442 Plut
764 1388 811 1442 Vl.
830 1388 890 1443 Vol.
908 1386 982 1457 1173,
1001 1393 1029 1441 et
1046 1404 1088 1457 sp.
1106 1386 1251 1442 Simlerum
1532 1399 1534 1404 '

280 1457 341 1512 vor.
364 1455 407 1513 oo.
442 1457 533 1511 suam
555 1431 584 1511 in
606 1456 718 1537 ugmeq
738 1457 874 1538 volumine
896 1461 1036 1538 popam
1061 1460 1110 1509 eat.
1150 1457 1251 1525 Inepte

280 1526 353 1580 enim
370 1529 463 1579 textus
479 1526 524 1580 iol
547 1541 636 1582 verse.
672 1525 752 1579 Prior
774 1542 838 1594 pars
855 1526 927 1579 lmee
943 1525 1054 1579 mdeste
1070 1525 1175 1594 deleta3
1191 1529 1251 1578 tum

279 1611 298 1649 a
322 1593 413 1648 medis
437 1596 537 1664 pagina
564 1595 688 1663 sequitur
711 1594 800 1659 altera
822 1610 895 1663 pars,
917 1609 999 1663 qnam
1022 1593 1152 1649 simlerus
1170 1594 1251 1647 alteri

280 1663 464 1785 praepositam
500 1663 597 1717 mmam
612 1661 1030 1784 feeit‚ouius3ne·ultimaverbs
1046 1662 1076 1715 in
1092 1661 1158 1716 folio
1175 1667 1251 1716 reete

280 1735 448 1855 fflstrlrffione
466 1736 829 1881 dmgfflugoffltpm
852 1867 858 1880 .
889 1728 1251 1868 ffissvgatgssmssffl

467 1885 539 1922 nme
561 1872 727 1937 sequentem.
762 1867 803 1922 Of.
822 1872 904 1921 etam
921 1866 954 1922 N.
971 1865 1063 1935 2662.)

1732 1964 1834 2035 2⁶88.

670 2209 677 2222 ,
798 2209 805 2222 ,
934 2207 997 2222 ..
1340 2133 1402 2200 un
1425 2117 1577 2201 suune
1598 2136 1661 2201 nn
1684 2120 1875 2203 euanvu
1897 2138 1929 2203 A
1951 2135 2035 2203 sus
2056 2136 2234 2204 Armas-

364 2210 604 2294 Nonputamus
621 2206 1060 2292 hmusmodrloquuuombus
1079 2207 1250 2288 utendum,
1498 2236 1712 2306 SADEURS
1731 2238 1831 2306 AUX
1852 2238 2036 2308 LIGURS·
2050 2243 2076 2320 ι)

276 2295 312 2362 in
330 2315 429 2363 eausa
449 2303 542 2362 tanto
575 2303 722 2377 tompore
743 2301 961 2373 oentroversa‚
984 2294 1101 2376 quibus
1124 2293 1248 2379 simpli-

277 2381 380 2450 eiores
400 2379 522 2448 offendi
544 2388 688 2463 possunt.
717 2378 796 2444 Mea
817 2378 949 2461 quidem
972 2379 1134 2445 sententia
1154 2400 1249 2463 eper-
1387 2408 1558 2475 Immo„
1578 2409 1646 2476 lm
1668 2415 1713 2476 ω
1731 2411 1808 2492 faite
1825 2412 1864 2478 de
1884 2431 1917 2477 33
1938 2411 2049 2477 rendre
2070 2411 2110 2478 de
2128 2431 2268 2478 mm

462 2038 515 2106 Aa
538 2037 715 2104 euenum
736 2040 784 2104 ia.
808 2037 952 2122 August
977 2041 1067 2101 1557.

275 2552 384 2636 planis
410 2558 444 2619 et
472 2550 642 2618 sententiis
668 2548 810 2629 disertis,
832 2571 874 2615 ne
895 2548 951 2616 vel
972 2549 1175 2616 adversariis.
1188 2551 1248 2615 im-
1300 2493 1435 2561 &Bm
1451 2514 1536 2577 W
1557 2515 1682 2578 ‘maye'
1703 2495 1886 2562 dmm
1906 2517 1967 2563 ‘⁴⁷¹⁶
1988 2501 2104 2563 m
2124 2496 2266 2564 00333333·

275 2658 406 2719 ponere,
427 2636 483 2704 vel
505 2635 597 2702 uobis
613 2637 649 2699 in
670 2656 768 2702 eausa
779 2641 890 2700 nostra
907 2643 1053 2700 metuere
1065 2636 1246 2702 videamur.
1301 2665 1416 2733 (mmm
1440 2665 1571 2735 originale
1591 2666 1626 2719 de
1648 2667 1675 2719 la
1691 2667 1763 2722 main
1785 2666 1820 2720 de
1842 2667 1937 2722 Oslvin
1963 2684 2011 2721 m„
2028 2669 2056 2722 le
2073 2670 2162 2723 meme
2179 2667 2265 2722 seam,
2308 2654 2313 2667 ·

263 2722 327 2790 -A'e
348 2721 426 2788 vide
447 2743 543 2801 nune,
565 2720 753 2788 micturus
772 2721 875 2786 frater
895 2729 929 2786 et
950 2719 1081 2787 demine
1103 2721 1246 2800 oolende‚
1299 2751 1352 2857 ξω
1379 2735 1406 2787 la
1432 2732 1510 2816 pisos
1533 2733 1566 2788 Ν.
1593 2733 1670 2788 26⁷8.
1711 2735 1793 2790 sreh.
1817 2735 1851 2790 de
1878 2708 1996 2792 (lenire.
2045 2735 2158 2790 Letum
2184 2735 2264 2790 det

276 2808 305 2881 si
333 2807 530 2874 veniendum
548 2807 602 2883 sit
623 2806 664 2871 ad
688 2805 892 2889 eolloquium,
914 2820 977 2888 qne
998 2827 1087 2871 nexu
1109 2829 1168 2872 nos
1189 2807 1247 2872 isti
1319 2803 1465 2872 signensis.
1484 2802 1578 2856 33333
1596 2802 1672 2858 1557·
1691 2806 1799 2858 Bonnet
1816 2804 1920 2859 11.135.
1939 2804 2110 2875 31333383
2129 2805 2178 2860 112
2195 2803 2264 2872 333)

273 2893 481 2962 involverint
503 2891 591 2959 Nam
601 2912 776 2976 agnoseere
788 2912 848 2978 ego
859 2912 967 2958 eoram
978 2891 1047 2957 Dee
1058 2902 1092 2958 et
1102 2892 1246 2960 eoolosiis
1562 2898 1574 2932 ⁸

274 2978 435 3046 eiusmodi
463 2977 697 3046 eonfessienem
725 2997 793 3043 non
897 2998 961 3043 um.
1007 2976 1046 3043 Si
1075 2997 1153 3063 erge
1179 2998 1246 3044 nen
1383 2971 1511 3052 Nobles,
1539 2994 1642 3059 sagos,
1677 2975 1775 3041 feaux
1808 2983 1842 3041 et
1874 2975 2038 3043 tresehers
2064 2975 2179 3058 freres,
2208 2996 2262 3043 nes

276 3084 337 3149 ege
350 3070 490 3144 tentum,
508 3063 565 3129 sed
583 3063 640 3129 alii
657 3082 786 3147 queque
803 3082 922 3146 puros,
942 3062 1245 3145 oontredixerimuq
1298 3059 1492 3126 salutatione
1524 3061 1691 3144 premisse,
1730 3061 1823 3128 aians
1851 3070 1920 3128 oste
1953 3062 2098 3129 advertis
2120 3083 2182 3148 par
2207 3083 2262 3128 vor

274 3149 427 3216 elamabit
456 3148 665 3232 Westptolua:
695 3149 817 3214 Annon
839 3146 985 3213 dixeram
1007 3148 1081 3214 illos
1102 3150 1190 3215 inter
1211 3169 1246 3216 se
1297 3144 1412 3213 lettres
1434 3144 1474 3210 de
1495 3166 1532 3212 ee
1553 3147 1689 3228 quaviea
1710 3146 1789 3213 fuiot
1805 3148 1955 3228 aBerne,
1972 3169 2057 3215 nous
2080 3170 2183 3215 avons
2221 3149 2228 3163 ⁶

274 3228 470 3301 dissentire?
489 3242 548 3302 eto.
573 3233 661 3316 Quid
672 3254 750 3300 vero
760 3254 891 3300 neeesse
913 3232 1082 3299 fuittalsm
1098 3234 1134 3298 in
1155 3235 1246 3318 prin-
1297 3231 1375 3298 nifie
1406 3230 1542 3298 ioumee
1571 3230 1712 3298 amiable
1738 3232 1863 3299 ausdits
1891 3234 2061 3319 seigneurs
2085 3255 2129 3300 au
2150 3169 2262 3318 μετῇ-

274 3321 385 3404 oipum
410 3318 562 3386 manibus
587 3320 822 3386 oenfessienem
842 3319 1038 3402 relinquere,
1061 3319 1246 3405 etquidem
1297 3319 1412 3384 tiesme
1430 3315 1470 3381 de
1492 3316 1622 3383 eemeis
1638 3319 1852 3401 peuressaier
1874 3320 1948 3404 quel
1970 3320 2079 3386 molen
2100 3319 2126 3384 il
2148 3339 2263 3406 yaura

275 3407 346 3472 sine
367 3405 469 3488 nobis,
500 3413 534 3471 ot
554 3405 665 3471 inseiis
694 3411 751 3471 aut
771 3405 962 3471 ineensultis
984 3403 1094 3471 nobis:
1115 3407 1247 3472 interim
1297 3402 1338 3468 de
1359 3403 1458 3469 sertir
1479 3401 1519 3469 de
1540 3402 1789 3470 oesfaseheries.
1820 3405 1867 3470 Et
1887 3424 2009 3488 peuroe
2030 3426 2094 3489 que
2115 3404 2150 3471 la
2171 3406 2263 3473 ehoss

277 3511 346 3557 non
367 3492 437 3557 sine
459 3491 554 3558 nobis
576 3498 609 3556 et
630 3497 742 3557 nostro
763 3491 904 3570 nemine,
926 3490 1019 3572 quasi
1040 3512 1099 3556 nes
1120 3511 1246 3575 quoque
1297 3495 1405 3555 estant
1427 3487 1467 3555 de
1488 3508 1565 3555 eone
1605 3510 1718 3569 nenos,
1740 3489 1849 3556 ilsera
1870 3490 2005 3575 besoing
2027 3492 2121 3557 avoir
2138 3490 2171 3556 la
2190 3492 2263 3575 plus

277 3577 325 3642 its
347 3576 526 3643 deoeamus.
571 3574 609 3642 si
631 3574 671 3641 de
693 3598 728 3642 se
749 3575 829 3660 ipsis
850 3575 913 3642 hoe
939 3577 1076 3658 professi
1097 3576 1246 3656 fuissent,
1297 3573 1403 3660 grand
1424 3509 1622 3641 nombreode
1666 3596 1724 3641 ens
1745 3595 1809 3658 que
1830 3582 1914 3642 nous
1935 3596 2062 3643 navens
2084 3576 2263 3661 deliberey

277 3661 499 3728 tolerabiliora
534 3668 644 3728 esseut
671 3663 790 3729 omnia.
836 3662 980 3746 'Porquet
1007 3682 1085 3746 erge
1112 3661 1247 3728 moilla
1297 3659 1451 3727 envoier:
1480 3657 1609 3727 advises
1638 3596 1678 3726 ge
1710 3660 1792 3727 faire
1820 3661 1898 3729 telle
1920 3660 2080 3746 diligenee
2102 3684 2166 3746 que
2187 3682 2264 3730 vous

278 3748 446 3826 oonfessio‚
468 3747 660 3833 praesertim
681 3768 782 3830 quum
804 3747 903 3812 seium
929 3746 1090 3830 quemodo
1111 3755 1248 3831 exeeptu
1295 3745 1434 3846 ysoien.
1480 3743 1545 3811 (lar
1572 3756 1683 3813 vestre
1715 3746 1853 3814 absenee
1875 3767 1958 3814 neus
1978 3749 2141 3830 pertersit
2162 3744 2263 3833 grand

277 3834 321 3899 sit
342 3835 382 3899 ab
405 3832 600 3899 adversariis
619 3839 652 3899 et
663 3830 822 3917 quemodo
834 3831 1023 3917 usurpanda
1044 3842 1157 3898 eontra
1174 3854 1243 3913 nes,
1295 3838 1442 3896 interest
1489 3831 1646 3916 Parquoy
1672 3852 1756 3897 nous
1782 3853 1866 3899 vous
1892 3834 2006 3916 priona
2029 3840 2064 3900 et
2085 3834 2263 3900 exhortans

278 3926 312 3986 et
333 3920 361 3984 si
383 3918 557 4002 aliquando
573 3919 608 3983 in
619 3917 725 3986 luosm
746 3919 873 3985 venerit
884 3938 981 4001 quam
992 3917 1062 4001 pies
1084 3919 1129 3983 sit
1145 3919 1246 3984 effen·
1295 3938 1343 4001 ny
1361 3915 1470 3981 faillir.
1504 3916 1595 3983 Nous
1606 3938 1747 3984 sommes
1765 3924 1836 3984 tout
1844 3918 2025 4003 persuades
2048 3940 2113 4003 qne
2134 3919 2264 4004 lespro·

278 4024 364 4084 suro,
386 4024 483 4088 quam
510 4024 627 4071 eaesae
648 4004 813 4071 eommuni
833 4003 981 4069 remeatis
1004 4004 1047 4069 sit
1067 4003 1246 4070 incommo·
1295 4023 1439 4088 pesque
1461 4021 1543 4069 vens
1565 4023 1643 4070 aven
1671 4006 1735 4090 ouy
1756 4025 1798 4070 en
1821 4012 1959 4087 pessunt
1979 4025 2021 4070 ne
2042 4026 2128 4071 vous
2150 4009 2264 4071 auront

279 4090 402 4155 daturo.
451 4090 537 4155 Mihi
569 4090 699 4175 quidem
726 4110 793 4154 nen
815 4089 948 4154 videtur
968 4108 1150 4174 eongmere
1171 4111 1247 4156 oum
1295 4087 1426 4154 retardo
1448 4087 1798 4170 aparaohevervostre
1809 4091 2026 4170 commissien,
2049 4099 2083 4155 et
2104 4110 2264 4174 oneemp·

277 4175 319 4241 iis
341 4195 424 4259 quae
446 4175 569 4241 suntin
591 4174 810 4241 Oonsensiene
839 4182 872 4239 st
888 4176 923 4239 in
940 4174 1034 4240 libris
1056 4175 1152 4241 editis
1173 4195 1247 4242 eon·
1296 4179 1370 4239 tunt
1386 4173 1434 4239 les
1454 4173 1545 4239 iours
1564 4178 1649 4239 'nous
1670 4194 1812 4257 pensons
1833 4176 1909 4243 bien
1930 4196 1993 4260 que
2038 4197 2153 4243 eumen
2174 4175 2264 4243 venir

277 4267 330 4325 tra
354 4260 575 4343 Wesqttaoaem.
618 4261 711 4327 Haeo
740 4259 842 4325 libere
864 4258 950 4343 apud
972 4267 1006 4325 te
1027 4262 1189 4343 profiteor,
1213 4271 1247 4326 et
1297 4267 1444 4342 atemps
1473 4279 1556 4340 pour
1581 4260 1716 4327 trmeter
1743 4261 1904 4341 aBerne,
1927 4261 1994 4328 sid
2037 4269 2178 4330 venture
2198 4261 2264 4345 ily

277 4347 456 4411 Dominum
479 4367 535 4412 oro
557 4353 593 4412 ut
614 4346 723 4411 omnia
745 4343 934 4429 adgloriam
952 4347 1095 4412 neminis
1116 4347 1246 4412 suiver·
1297 4345 1387 4410 aveit
1425 4344 1533 4409 meisn
1569 4343 1718 4429 dapniser
1756 4368 1822 4413 une
1860 4348 1965 4430 partie
2004 4346 2063 4413 des
2102 4348 2262 4415 differens

277 4439 335 4498 tat
364 4432 448 4497 Vale
470 4454 546 4499 eum
566 4431 758 4517 symmystis
780 4439 813 4495 et
834 4431 989 4496 fratribus
1012 4431 1171 4499 omnibus.
1207 4430 1245 4497 si
1296 4428 1384 4495 Mais
1404 4448 1521 4495 eneore
1541 4429 1575 4494 la
1593 4441 1745 4514 presente
1767 4454 1859 4511 vous,
1882 4433 1993 4500 hasten
2011 4454 2094 4501 vous
2113 4442 2187 4500 tant
2201 4430 2265 4518 quil

276 4516 358 4582 haee
386 4518 676 4584 eommunieaveris
703 4537 777 4583 oum
805 4515 847 4581 D.
878 4515 966 4582 Boea
991 4538 1057 4582 nen
1078 4516 1245 4603 ingratum
1297 4536 1379 4581 vous
1406 4536 1481 4581 sora
1506 4514 1656 4599 possible.
1703 4516 1750 4584 Os
1777 4517 1922 4602 pendant
1943 4519 2031 4585 Dien
2054 4541 2136 4587 vous
2158 4521 2206 4587 ait
2225 4538 2264 4584 en

278 4604 349 4668 erit.
1296 4600 1466 4685 segardo,
1489 4608 1522 4666 et
1548 4622 1630 4668 vous
1657 4603 1755 4687 guido
1782 4605 1944 4672 tousiours
1965 4605 2080 4688 iusque
2103 4627 2180 4673 aee
2200 4603 2264 4690 quil

1296 4880 2265 4963 aesa.1)mnonmpuaoeeeuoeeusueoeeoeuqs

362 4960 538 5045 Nunquam
560 4982 621 5046 ego
632 4968 798 5045 putassem
817 4959 937 5026 Beuum
958 4967 1108 5027 nostmm
1130 4960 1246 5028 huius·
1295 4975 1333 5014 0⁰
1355 4961 1455 5041 uim·
1492 4958 1573 5015 Nm
1593 4976 1713 5042 ww
1734 4961 1886 5032 31333333
1904 4962 1972 5043 9333
1993 4961 2059 5027 faut
2074 4963 2124 5044 'tua
2144 4965 2266 5046 ΜΝ

277 5045 367 5112 medi
395 5046 629 5113 cenfessionem
657 5048 692 5112 in
721 5047 913 5129 Prinoipum
941 5046 1094 5113 manibus
1114 5045 1246 5114 relietu·
1296 5027 1325 5084 ²⁰
1343 5029 1476 5112 mim
1497 5028 1581 5097 W·
1623 5030 1667 5086 1⁰⁸
1690 5045 1760 5086 '⁸⁰⁸⁴'
1782 5046 1868 5087 “⁹⁰⁸⁸
1889 5030 1928 5086 ¹⁶⁸
1949 5037 2131 5113 ''⁸.⁸l'.¹⁴“¹⁰'⁸⁸
2152 5032 2267 5087 “W‘'

277 5151 361 5211 rum,
384 5132 513 5217 qualem
539 5134 707 5218 reliquisse
733 5133 800 5198 iam
832 5131 916 5197 nihil
938 5130 1060 5200 dubito.
1103 5132 1248 5199 Ursitis
1296 5095 2073 5239 ffimssssufflffissfflmffffifflfflffm
2086 5100 2268 5227 ,2πῖ

274 5237 344 5282 una
365 5237 438 5284 oum
462 5216 595 5298 Ferollo,
618 5218 830 5285 vehementer
840 5217 1039 5284 instaremus
1061 5218 1147 5302 apud
1170 5237 1247 5284 noe·
1297 5234 1367 5291 celus·
1384 5233 1417 5290 de
1433 5233 1546 5291 om.
