4688 5902
126 299 190 359 42¹)
1008 305 1087 366 1557
1111 300 1251 366 MART.
2063 310 2127 372 430

124 484 297 568 principiis
319 493 351 549 et
369 485 473 551 nihilo
496 486 638 553 feliciore
655 509 829 573 progressu
852 511 912 556 nos
932 489 1004 572 plus
1023 491 1102 555 satis
1156 496 1225 554 tota
1256 489 1436 571 scripturae
1465 487 1622 569 doctrina,
1651 513 1747 574 quam
1777 512 1797 554 a
1826 493 1946 556 veteris
1974 492 2126 560 ecclesiae

126 569 292 646 admonet,
316 579 493 654 quatopers
516 573 698 655 expetenda
729 574 771 639 sit
793 577 877 640 inter
899 598 959 640 nos
982 597 1046 658 pax
1069 588 1102 640 et
1155 575 1349 639 testimoniis
1367 574 1531 639 abhorret.
1583 574 1677 657 Quod
1707 577 1793 641 enim
1817 577 1949 660 quidam
1981 586 2126 644 vestrum

126 655 307 720 concordia.
358 660 466 739 Atque
492 659 617 724 utinam
647 681 744 742 quem
775 662 831 727 tibi
863 662 1008 726 animum
1032 682 1103 727 esse
1155 658 1406 742 dispensationis
1445 682 1562 726 nomen
1603 661 1792 738 obtendunt,
1833 672 1870 727 ut
1909 664 2124 746 persuadeant

126 741 284 825 intelligo,
313 740 399 806 idem
433 742 505 809 aliis
533 744 656 811 fuisset.
712 746 798 811 Nam
831 748 859 812 si
889 746 965 831 quid
995 746 1102 813 adhue
1154 766 1271 829 corpus
1301 746 1425 810 Christi
1459 746 1557 811 simul
1584 748 1683 813 fuisse
1715 749 1749 812 in
1782 767 1878 814 cruce
1911 750 2057 827 mortale,
2092 759 2125 815 et

126 834 267 892 restaret
296 826 435 905 dissidii,
469 830 583 894 saltem
613 831 734 914 absque
762 832 836 897 odio
865 843 899 898 et
928 834 1103 899 acerbitate
1154 831 1332 915 gloriosum
1363 833 1396 896 in
1427 833 1534 910 coelis,
1568 833 1696 898 inscitia
1730 833 1894 913 labuntur,
1925 856 2031 917 neque
2061 858 2124 900 un·

124 913 216 976 intra
238 933 313 978 suos
335 916 417 979 fines
436 915 636 981 consisteret.
682 918 868 982 Dolendnm
889 918 1021 1001 quidem
1044 931 1101 998 est,
1155 938 1252 999 quam
1275 918 1440 1000 assequuti
1463 929 1540 982 sunt
1569 918 1644 1001 quid
1664 918 1803 983 vetustis
1832 920 1986 985 ecclesiae
2016 922 2123 986 docto*

125 1019 228 1080 quum
251 1020 310 1063 nos
331 1001 425 1081 pauci
456 1023 592 1066 numero
614 1003 701 1067 idem
727 1005 938 1085 profiteamur
960 1026 1101 1087 evange·
1155 1002 1245 1067 ribus
1279 1013 1364 1068 esset
1398 1003 1603 1087 dispensatio.
1660 1006 1710 1067 Tu
1742 1025 1876 1087 quoque,
1909 1007 2028 1070 eximie
2062 1009 2122 1084 vir,

124 1083 218 1161 lium,
237 1105 348 1150 sacrae
359 1107 478 1151 coenae
490 1089 666 1166 occasione,
685 1111 781 1170 quam
793 1091 1003 1173 praecipuum
1017 1092 1102 1154 inter
1153 1110 1233 1170 pace
1257 1099 1313 1153 tua
1331 1090 1479 1166 dixerim,
1511 1090 1587 1153 dnm
1613 1111 1672 1154 nos
1696 1090 1895 1155 confundere
1918 1102 2022 1173 putas,
2045 1091 2124 1174 quid

125 1191 188 1235 nos
211 1172 348 1236 unitatis
371 1172 541 1237 vinculum
570 1195 641 1239 esse
663 1174 806 1251 decebat,
839 1177 874 1240 in
897 1178 1004 1241 varias
1026 1197 1100 1241 sen·
1153 1175 1246 1239 nobis
1269 1176 1301 1238 in
1325 1195 1426 1239 coena
1449 1174 1554 1253 detur,
1577 1185 1609 1238 et
1630 1175 1670 1238 ad
1693 1176 1769 1258 quid
1793 1176 1895 1253 detur,
1919 1177 2123 1259 aliquantum

124 1256 248 1320 tentiae
271 1256 417 1321 distrahi.
442 1257 509 1323 Sed
529 1259 591 1324 hoc
614 1259 712 1343 longe
734 1262 883 1339 atrocius,
907 1282 973 1326 non
991 1261 1101 1327 minus
1153 1259 1283 1324 falleris.
1334 1260 1491 1325 Pluribus
1520 1262 1608 1324 enim
1632 1261 1711 1326 locis
1743 1260 1863 1326 diserte
1892 1283 2009 1337 assero,
2041 1262 2124 1328 bona

124 1341 292 1406 hostiliter
313 1344 490 1427 confligere
519 1367 615 1427 quam
639 1347 667 1411 si
690 1346 775 1410 nihil
798 1355 885 1412 esset
906 1346 1001 1411 nobis
1024 1368 1099 1412 cum
1154 1343 1277 1410 Christi
1301 1366 1367 1410 non
1391 1368 1460 1411 esse
1483 1356 1604 1421 nostra,
1628 1347 1729 1410 donec
1751 1349 1820 1430 ipse
1843 1361 1951 1412 noster
1974 1350 2024 1412 sit.
2077 1349 2123 1412 Et

125 1425 261 1491 Christo
284 1448 464 1494 commune.
515 1432 622 1495 Maior
651 1432 737 1496 enim
767 1454 878 1498 eorum
908 1453 983 1515 pars
1004 1435 1101 1516 quia
1153 1433 1231 1495 satis
1252 1431 1333 1495 mihi
1357 1431 1508 1497 distinete
1529 1432 1681 1514 loquutus
1704 1430 1818 1497 videor
1839 1434 1872 1497 in
1892 1455 1963 1497 moa
1984 1435 2121 1498 Institu-

125 1513 220 1577 nobis
248 1513 424 1593 dissident,
449 1519 556 1580 nescio
584 1538 649 1598 quo
679 1519 836 1585 instincta
865 1519 1003 1600 percita,
1034 1539 1099 1583 non
1153 1518 1250 1594 tione,
1281 1517 1335 1581 ubi
1358 1518 1527 1583 materiam
1556 1538 1674 1582 coenae
1708 1517 1760 1583 vel
1792 1520 2007 1583 substantiam
2040 1540 2122 1584 voco

125 1599 235 1663 minus
246 1600 506 1682 intemperanter
527 1602 561 1666 in
579 1624 637 1667 nos
656 1603 781 1680 ebullit,
803 1625 899 1686 quam
921 1605 949 1670 si
968 1625 1101 1687 prorsus
1151 1602 1259 1685 ipsum
1279 1602 1447 1667 Christum
1471 1604 1678 1669 crucifixum:
1702 1605 1866 1681 virtutem,
1890 1606 2049 1682 effectum,
2069 1604 2123 1670 vel

124 1683 256 1749 diversa
278 1698 365 1751 esset
386 1687 509 1770 religio.
560 1686 670 1769 Quum
694 1690 788 1752 initio
810 1701 902 1754 tanta
924 1699 1010 1754 esset
1033 1689 1099 1754 dis·
1152 1687 1297 1753 fructum
1319 1710 1389 1752 esse
1412 1688 1518 1766 doceo,
1542 1687 1699 1772 quidquid
1720 1711 1760 1752 er
1783 1692 1852 1754 eius
1878 1703 1981 1755 morte
2008 1711 2121 1756 eonse-

124 1772 307 1851 crepantia,
342 1771 531 1848 Indicorum,
566 1783 604 1837 ut
638 1783 708 1839 erat
741 1774 925 1840 vehementi
957 1777 1098 1859 ingenio,
1152 1775 1298 1855 quimur,
1333 1784 1369 1838 ut
1402 1773 1479 1837 inde
1511 1785 1559 1838 est
1587 1775 1731 1858 gratuita
1764 1775 1997 1852 reconciliatio,
2032 1779 2119 1841 vitae

123 1856 222 1936 paulo
245 1858 350 1922 acrius
381 1859 571 1924 efferbuisse
597 1882 663 1924 non
686 1863 794 1925 miror.
846 1862 942 1925 Nunc
969 1861 1099 1943 quando
1151 1860 1279 1923 novitas
1303 1871 1335 1923 et
1347 1859 1513 1923 beatitudo
1535 1860 1691 1925 coelestis.
1716 1861 1842 1925 Nomen
1861 1882 1939 1925 vero
1958 1862 2121 1927 efficaciae

123 1941 165 2004 de
199 1943 380 2025 praecipuis
410 1945 570 2026 capitibus
599 1948 767 2023 convenit,
802 1968 896 2030 quem
932 1948 965 2010 in
998 1949 1098 2011 finem
1150 1947 1185 2008 in
1208 1945 1406 2010 huncfinem
1428 1966 1559 2028 usurpo,
1582 1966 1648 2011 non
1677 1956 1712 2010 ut
1734 1946 1930 2011 confundam
1952 1968 2034 2029 quae
2056 1948 2121 2013 dis·

123 2026 286 2092 Dominus
309 2041 514 2094 sacramenta
547 2031 640 2096 nobis
668 2034 855 2109 instituerit,
879 2034 1030 2115 quisnam
1053 2033 1098 2097 le·
1150 2031 1258 2113 tingui
1277 2030 1404 2107 debent,
1427 2030 1483 2095 sed
1507 2042 1543 2094 ut
1565 2031 1814 2096 transfusionem
1841 2031 2040 2097 substantiae
2062 2055 2121 2097 ex·

123 2113 258 2195 gitimus
270 2115 312 2177 sit
334 2136 446 2178 eorum
459 2137 546 2189 usus,
566 2138 649 2198 quae
667 2118 819 2197 efficacia,
843 2140 924 2199 quae
945 2117 1097 2201 dignitas,
1150 2115 1288 2180 cludam.
1316 2118 1398 2181 Dico
1419 2116 1520 2199 igitur
1541 2137 1600 2180 nos
1618 2116 1791 2182 efficaciter
1809 2118 1990 2182 substantia
2013 2121 2121 2184 earnis

122 2219 207 2279 quae
229 2200 364 2263 indeed
387 2223 447 2265 nos
467 2202 591 2266 utilitas
609 2206 791 2285 perveniat:
814 2204 970 2287 quidquid
993 2204 1099 2270 adhuc
1149 2210 1183 2264 et
1205 2202 1376 2284 sanguinis
1398 2202 1523 2266 Christi
1549 2202 1647 2285 pasci,
1671 2203 1747 2283 quia
1773 2203 1913 2267 mirabili
1943 2212 1976 2267 et
1998 2204 2120 2267 incom-

121 2282 289 2348 residuum
308 2296 358 2350 est
379 2290 630 2365 controversiae,
654 2288 850 2354 moderatius
872 2292 1005 2354 tractari
1028 2299 1098 2372 pot·
1150 2288 1363 2370 prehensibili
1385 2288 1518 2369 spiritus
1546 2290 1595 2351 sui
1626 2290 1747 2351 virtute
1777 2289 1875 2354 efficit
1897 2289 2059 2366 Christus,
2083 2301 2120 2354 ut

122 2380 203 2434 erat.
239 2371 312 2453 Ego
336 2393 413 2436 vero
442 2393 541 2454 quum
561 2376 639 2438 totis
656 2375 841 2456 quindecim
861 2377 957 2440 aunis
975 2377 1097 2458 optima
1151 2394 1252 2437 unum
1277 2374 1378 2438 simus
1399 2396 1471 2438 oum
1501 2375 1587 2455 ipso:
1612 2374 1743 2436 vivifica
1772 2376 1814 2436 sit
1835 2374 1926 2439 nobis
1944 2395 2002 2438 sua
2028 2395 2117 2439 caro:

121 2454 187 2518 fide
221 2467 358 2520 conatus
391 2479 512 2533 essem,
547 2470 704 2541 quantum
735 2460 920 2542 patiebatur
952 2463 1097 2545 ingenua
1151 2460 1219 2522 vita
1241 2459 1381 2541 denique
1403 2480 1462 2522 sna
1483 2460 1517 2523 in
1545 2461 1671 2523 animas
1695 2472 1820 2524 nostras
1844 2469 2001 2542 penetret.
2046 2461 2118 2525 Iam

121 2541 270 2609 veritatis
287 2544 454 2627 confessio,
471 2565 579 2608 meum
600 2546 735 2611 docendi
755 2567 859 2629 genus
878 2546 918 2611 ad
937 2548 1097 2612 sedandas
1150 2545 1184 2606 in
1217 2545 1360 2610 secundo
1393 2545 1498 2624 capite
1531 2546 1648 2621 miror,
1690 2566 1746 2608 vos
1787 2568 1852 2608 non
1885 2546 2118 2610 consideratius

121 2626 301 2692 discordias
324 2630 576 2704 accommodare,
600 2632 701 2696 traxit
727 2654 778 2696 me
801 2634 835 2696 in
859 2632 1005 2697 odiosum
1027 2655 1096 2698 cer·
1148 2630 1317 2694 attendere
1340 2630 1377 2693 ad
1403 2640 1451 2693 tot
1469 2629 1619 2704 absurda,
1638 2631 1757 2711 quibus
1776 2632 1967 2713 implicitum
1990 2641 2039 2695 est
2056 2632 2118 2698 hoc

120 2725 232 2777 tamen
275 2713 446 2796 Westpboli
474 2718 575 2779 vestri
608 2719 848 2799 importunitas.
910 2719 952 2780 Et
985 2729 1095 2783 tamen
1147 2726 1376 2787 commentum,
1411 2715 1525 2798 dignos
1558 2715 1656 2780 simul
1689 2726 1722 2779 et
1754 2716 1905 2800 indignos
1936 2717 2118 2799 promiscue

120 2798 280 2881 quidquid
309 2802 446 2865 extorsit
473 2803 707 2867 amarulentiae
735 2804 909 2887 diligenter
939 2806 1093 2882 continui,
1147 2821 1279 2865 carnem
1303 2801 1429 2866 Christi
1451 2801 1554 2866 edere.
1605 2801 1711 2866 Sicuti
1733 2802 1820 2864 enim
1844 2816 1953 2867 vestra
1976 2801 2015 2866 de
2041 2804 2117 2867 sub-

118 2906 163 2949 ne
182 2884 262 2950 alios
279 2906 354 2950 oum
372 2906 410 2950 eo
427 2886 624 2952 involveret:
644 2911 834 2971 semperque
852 2888 934 2954 dabo
952 2911 1092 2972 operam,
1147 2887 1290 2951 stantiali
1310 2884 1426 2950 edendi
1448 2887 1542 2951 modo
1565 2886 1684 2970 opinio,
1708 2884 1832 2951 Christi
1854 2909 1986 2955 samem
2004 2909 2023 2951 a
2041 2909 2119 2953 san-

120 2992 164 3035 ne
182 2991 256 3035 mea
277 2972 374 3054 culpa
395 2973 588 3038 scindantur
605 2976 660 3040 vel
678 2975 904 3040 distrahantur
924 2977 1091 3042 ecclesiae:
1146 2973 1245 3054 guine
1256 2980 1394 3055 separat,
1412 2972 1458 3036 ita
1476 2973 1556 3037 haec
1572 2973 1753 3039 communis
1764 2971 1979 3052 manducatio,
1999 2993 2116 3056 eorpus

119 3078 182 3122 nec
205 3057 376 3139 quisquam
402 3080 422 3123 a
444 3081 496 3122 me
519 3058 675 3138 laedetur,
701 3062 765 3125 nisi
795 3061 851 3144 qui
878 3083 919 3126 ex
948 3062 1092 3144 professo
1146 3059 1215 3122 eius
1238 3059 1390 3140 aspiritu
1410 3057 1573 3124 divulsum
1593 3059 1663 3122 vita
1685 3068 1718 3122 et
1737 3061 1824 3122 omni
1850 3060 1973 3122 virtute
1997 3061 2115 3141 privat.

119 3143 244 3207 bellum
266 3142 430 3209 indixerit.
462 3144 534 3210 Imo
557 3148 706 3228 quamvis
731 3146 910 3230 Sneppbius
927 3158 960 3211 et
984 3149 1092 3213 nescio
1146 3140 1262 3223 Qualis
1285 3165 1362 3210 vero
1385 3144 1526 3226 receptio
1547 3143 1629 3208 haec
1652 3144 1723 3221 erit,
1752 3152 1790 3207 ut
1818 3145 1853 3207 in
1883 3155 1996 3208 ventre
2022 3145 2115 3228 impii

119 3230 195 3311 quis
229 3231 409 3295 somniator
441 3232 626 3312 petulanter
653 3255 705 3297 me
728 3234 963 3310 lacessiverint,
997 3234 1093 3298 silere
1145 3228 1243 3292 lateat
1275 3237 1441 3293 mortuum
1474 3227 1600 3294 Christi
1631 3229 1772 3310 corpus?
1828 3228 1925 3309 Quod
1965 3230 2118 3296 obiicitur

118 3315 232 3391 malui,
255 3335 352 3397 qnam
376 3315 415 3381 de
445 3317 547 3382 nihilo
569 3317 680 3383 turbas
705 3339 844 3385 movere.
899 3316 985 3384 Nam
1007 3318 1093 3401 quod
1145 3315 1360 3379 communiter
1381 3314 1533 3379 omnibus
1565 3313 1637 3390 dici,
1668 3315 1729 3379 hoo
1762 3326 1813 3378 est
1844 3335 1960 3397 corpus
1995 3337 2113 3396 meum,

119 3423 140 3464 a
174 3403 286 3481 paucis
318 3402 458 3486 intelligi
498 3405 626 3480 scribis,
660 3405 738 3486 quid
779 3406 931 3471 ecclesiae
964 3414 1094 3470 vestrae
1144 3399 1237 3464 nullo
1257 3401 1388 3484 negotio
1406 3400 1580 3465 refellitur:
1598 3399 1684 3463 nihil
1701 3400 1787 3464 euim
1806 3399 1920 3476 obstat,
1939 3401 2113 3482 quominus

118 3486 277 3564 sentiant,
299 3496 386 3551 certe
409 3489 436 3552 si
449 3488 597 3564 absurda,
621 3511 704 3572 quae
726 3491 759 3554 in
772 3491 951 3555 multorum
964 3492 1093 3573 scriptis
1145 3506 1220 3550 vere
1250 3485 1401 3550 omnibus
1433 3508 1467 3551 se
1501 3486 1608 3568 ipsum
1638 3485 1789 3549 exhibeat
1811 3485 1977 3563 Christus,
2009 3508 2113 3571 neque

119 3584 305 3647 occurrunt,
337 3573 490 3657 colligere
513 3584 545 3638 et
567 3578 734 3659 exagitare
756 3576 866 3654 libeat,
896 3598 962 3641 non
992 3598 1091 3640 unam
1144 3583 1254 3634 tamen
1283 3571 1338 3635 alil
1371 3593 1445 3635 eum
1478 3572 1648 3654 recipiant,
1683 3570 1744 3635 nisi
1778 3573 1831 3653 qui
1864 3583 1941 3637 flunt
1969 3593 2114 3655 Ostpwflfl·

118 3679 193 3723 esse
233 3660 379 3722 omnium
419 3662 616 3725 sententiam
654 3662 825 3726 ostendere
861 3662 992 3727 difficile
1027 3682 1092 3726 non
1143 3656 1240 3721 Hane
1259 3678 1311 3722 me
1332 3657 1496 3721 doetrinae
1514 3657 1654 3721 formam
1684 3678 1747 3720 non
1767 3657 1945 3739 pertinacia
1964 3658 2113 3738 retinere,

118 3752 216 3807 esset.
240 3744 312 3807 Hoc
333 3744 462 3826 quidem
480 3767 537 3810 vos
555 3766 667 3810 omnes
690 3768 754 3811 uno
771 3769 931 3813 consensu
949 3768 1093 3812 asserere
1144 3742 1199 3806 sed
1233 3744 1310 3824 quia
1343 3743 1523 3825 scripturae
1557 3743 1748 3807 auctoritate
1781 3743 1956 3808 obstrictus
1988 3753 2111 3819 teneor,

117 3829 226 3907 video,
249 3831 431 3913 quicunque
454 3831 494 3895 ad
512 3853 639 3897 sacram
662 3853 807 3898 mensam
834 3833 999 3908 accedunt,
1023 3835 1092 3897 sive
1143 3827 1236 3892 Deus
1258 3829 1339 3897 mibi
1361 3830 1503 3909 optimus
1533 3837 1582 3892 est
1612 3829 1712 3891 testis.
1765 3826 1976 3912 suffragatur
2003 3837 2037 3893 et
2058 3850 2113 3893 ve·

118 3916 214 3996 impii
249 3915 323 3992 sint,
363 3919 432 3981 sive
466 3917 593 3993 fideles,
629 3918 886 3983 substantialiter
925 3918 1092 3983 comedere
1143 3914 1223 3978 teris
1255 3914 1410 3980 eeclesiae
1442 3933 1632 3978 consensus:
1666 3915 1702 3976 in
1735 3934 1798 3994 quo
1831 3913 2004 4011 probando,
2037 3914 2113 3995 quia

118 4000 246 4066 Christi
269 4021 399 4066 carnem
422 4012 455 4066 et
472 4006 664 4085 sanguinem
691 4005 808 4068 bibere.
859 4002 949 4085 Quin
979 4003 1092 4068 fideles
1142 3998 1224 4062 mihi
1258 4000 1385 4082 lougius
1417 3999 1571 4064 insistere
1603 4018 1668 4062 non
1701 4007 1751 4062 est
1779 4006 1989 4080 propositum,
2019 3999 2113 4064 nobis

118 4107 220 4151 carne
243 4100 276 4150 et
294 4088 453 4171 sangnine
472 4087 598 4153 Christi
620 4109 696 4153 vere
718 4098 751 4152 et
780 4090 1039 4154 substantialiter
1056 4091 1090 4153 in
1141 4106 1228 4149 unus
1245 4083 1301 4149 ille
1324 4085 1501 4167 Augustini
1524 4084 1615 4149 locus
1637 4084 1784 4149 sufficiat.
1837 4082 1947 4165 Quum
1971 4085 2025 4147 alii
2048 4083 2112 4148 dis·

117 4191 222 4236 coena
239 4172 378 4252 alantur,
397 4195 463 4239 non
482 4195 574 4258 nego,
592 4176 619 4240 si
638 4183 766 4239 tantum
785 4175 959 4240 definiatur
975 4176 1091 4240 modus
1141 4169 1457 4253 cipulioomederent
1478 4190 1596 4252 panem
1609 4170 1799 4249 Dominum,
1823 4169 1938 4233 Iudam
1963 4191 2026 4233 non
2049 4171 2114 4235 nisi

119 4279 242 4323 aroana
264 4259 397 4341 spiritus
420 4262 541 4326 virtute
570 4262 650 4337 fieri,
684 4273 721 4325 ut
743 4262 810 4325 vim
843 4283 936 4326 suam
962 4282 1037 4326 caro
1059 4271 1092 4326 et
1141 4276 1260 4339 panem
1282 4256 1414 4320 Domini
1436 4257 1614 4321 comedisse
1639 4256 1776 4332 (Homil.
1800 4256 1836 4319 in
1862 4255 1908 4319 Io.
1938 4258 1998 4323 19).
2042 4255 2114 4339 Ego

119 4345 255 4427 sanguis
267 4344 391 4410 Christi
402 4347 437 4410 in
459 4368 518 4411 nos
535 4347 775 4411 transfundant.
806 4345 874 4412 Cur
892 4369 944 4411 me
962 4348 1091 4430 longius
1141 4343 1265 4423 itaque,
1288 4340 1503 4422 siquisalins,
1525 4362 1636 4405 veram
1654 4341 1856 4439 etsinoeram
1869 4341 2114 4439 consensionem

118 4430 252 4494 trahere
270 4431 360 4509 velis,
381 4452 447 4495 non
470 4430 582 4497 video:
613 4453 670 4497 cur
693 4453 771 4498 vero
794 4454 861 4497 non
884 4433 980 4497 aliam
1003 4454 1090 4498 com·
1142 4434 1271 4509 expeto,
1294 4448 1391 4508 quam
1421 4426 1517 4491 modo
1544 4428 1634 4491 Deus
1662 4448 1731 4508 ipse
1760 4447 1819 4490 suo
1848 4427 1948 4491 verbo
1977 4438 2112 4491 sanarat.

117 4516 374 4581 manicationem
404 4517 584 4596 admittam,
618 4520 743 4601 optima
771 4520 894 4582 ratione
915 4516 1088 4600 impedior:
1141 4513 1210 4577 Nec
1253 4533 1331 4577 vero
1366 4516 1591 4595 Augustanam
1624 4512 1855 4610 confessienem
1889 4510 2033 4611 repudio,
2061 4513 2113 4577 cui

119 4602 198 4683 quia
215 4614 248 4665 et
267 4622 398 4667 earnem
420 4603 546 4669 Christi
579 4625 598 4667 a
626 4605 719 4669 nobis
752 4604 916 4688 deglutiri,
945 4615 982 4669 'et
1014 4625 1088 4668 oum
1140 4598 1265 4682 pridem
1292 4598 1581 4663 volensaclibens
1603 4598 1993 4695 subsonps1,srcutream
2018 4607 2112 4661 autor

119 4708 220 4752 carne
252 4696 365 4752 nostra
398 4689 600 4771 corruptibili
633 4691 778 4764 misceri,
812 4690 909 4754 nimis
942 4709 1088 4754 crassum
1139 4686 1210 4767 ipse
1231 4684 1465 4765 interpretatus
1483 4691 1541 4748 est.
1592 4686 1702 4765 Atque
1724 4684 1849 4746 utinam
1872 4684 2043 4767 principes,
2075 4690 2112 4747 ut

118 4784 340 4838 commentum
374 4775 464 4839 foret.
524 4773 560 4838 Si
593 4784 723 4840 tantum
755 4775 948 4858 mysterium
982 4775 1090 4839 carnis
1141 4770 1283 4844 decebat,
1311 4769 1415 4832 maior
1437 4769 1659 4852 dissipationis
1687 4776 1816 4832 nostrae
1848 4786 1926 4831 oura
1950 4778 2110 4851 tangeret,

118 4879 219 4923 sensu
252 4858 489 4924 aestimandum
519 4881 588 4924 esse
621 4881 734 4944 neges,
764 4862 882 4925 fateor:
923 4882 982 4926 nec
1010 4880 1089 4924 vcro
1140 4866 1176 4920 ut
1208 4863 1373 4920 conventu
1407 4856 1533 4935 piorum
1578 4852 1744 4918 doctorum
1785 4851 1911 4929 habito,
1940 4851 2111 4951 studerent

103 4943 210 5009 'aliud
239 4965 367 5027 respuo,
400 4946 464 5010 nisi
498 4947 584 5028 quod
613 4945 739 5011 Christi
768 4946 890 5030 gloriae
924 4968 991 5010 non
1019 4967 1089 5010 esse
1140 4941 1291 5007 ecclesias
1323 4939 1490 5023 colligere:
1523 4939 1580 5002 sed
1608 4938 1736 5036 quibus·
1757 4936 1895 5003 flabellis
1925 4937 1966 5001 ad
1999 4937 2110 5037 odium

117 5039 377 5096 consentaneum
406 5032 486 5096 fides
510 5034 581 5114 ipsa
612 5032 720 5097 dictat.
777 5031 871 5095 Adde
903 5029 987 5112 quod
1020 5050 1088 5094 non
1139 5025 1244 5092 nostri
1277 5024 1464 5102 incitentur,
1493 5024 1628 5088 minime
1662 5021 1809 5122 dubium·
1829 5031 1888 5089 est
1938 5023 2015 5122 ‘llos
2047 5023 2109 5089 trbr

117 5118 242 5200 poterit
259 5116 381 5182 Christi
399 5138 518 5200 corpus
536 5117 596 5181 hoc
613 5116 821 5182 substantiali
840 5115 935 5181 modo
953 5116 1087 5193 comedi,
1140 5131 1247 5179 coram
1278 5111 1352 5174 Deo
1384 5110 1473 5174 volui
1502 5116 1666 5187 testatum,
1697 5116 1735 5172 nt
1767 5129 1866 5173 scires
1887 5108 1945 5172 reli
1982 5127 2044 5173 one
2076 5115 2109 5172 et

116 5202 183 5268 nisi
206 5203 368 5288 fingamus
399 5222 469 5269 esse
499 5204 704 5281 immensum,
729 5201 816 5286 quod
843 5223 911 5267 non
936 5202 1088 5268 minusa
1140 5200 1205 5265 Dei
1226 5206 1317 5260 metu
1335 5195 1376 5260 ad
1398 5194 1650 5279 amplexandum
1668 5193 1755 5277 quod
1772 5196 1925 5278 profiteor
1964 5194 2108 5260 octrinee
