4702 5896
263 314 301 376 is
1013 303 1275 378 EPISrohslt
1296 311 1510 376 assi-aest
1736 372 1745 393 ,
1993 406 2000 426 ⁴
2221 310 2262 374 ue

259 499 369 574 reress)
391 507 425 562 et
446 499 545 582 paulo
563 500 724 581 oopiosius
746 518 820 563 oum
843 497 898 562 illo
915 519 1013 581 agere
1035 497 1076 561 de
1098 499 1159 563 hoo
1181 518 1236 562 ns·
1372 496 1408 564 S.
1429 499 1471 563 D.
1516 498 1678 565 Praesens
1702 496 1835 563 tabellio
1864 497 1947 563 vidit
1969 498 2051 563 mihi
2068 519 2135 564 non
2157 498 2262 565 luisse

259 585 358 669 gotio.
403 584 489 649 Nam
517 584 625 649 adhue
652 585 736 649 mihi
767 583 861 649 visum
890 596 941 648 est
962 585 1017 647 vir
1034 585 1108 667 pius
1125 592 1158 648 et
1179 585 1236 667 qui
1285 586 1390 649 otium
1418 584 1473 649 vel
1502 583 1665 649 seribendi
1687 584 1848 667 prolixius
1869 584 1921 649 vel
1944 583 2074 668 legendi
2095 584 2219 650 librum
2241 607 2263 651 a

263 669 435 736 Ohristum
453 691 494 735 ex
517 671 627 735 anima
654 680 799 754 quaerat,
822 678 856 733 et
877 689 982 751 spero,
1001 671 1029 734 si
1047 671 1237 755 eognoverit
1287 679 1328 747 te,
1355 670 1486 735 domine
1514 667 1741 736 colendissimo
1764 679 1799 734 et
1824 671 1926 735 frater
1954 670 2133 748 canssime,
2156 672 2262 754 sarip-

283 757 375 821 uanti
398 757 529 821 intersit
555 757 710 822 eoelesiae
735 757 834 821 totius
861 765 899 819 ιιι
932 755 1126 833 aedilitium,
1149 756 1235 838 quod
1286 767 1366 822 tum.
1377 761 1403 830 ¹)
1449 754 1589 822 Summa
1616 754 1681 822 fide
1703 767 1737 819 et
1756 755 1926 840 diligentia
1944 757 2153 822 oommissum
2177 757 2261 821 milri

261 777 329 908 dlis
357 854 425 906 tam
457 841 595 906 felioiter
624 855 757 925 tamque
789 843 957 923 insperato
991 849 1142 925 saeptum
1174 850 1235 921 est,
1284 863 1344 926 per
1365 853 1398 906 te
1429 842 1596 926 negotium
1618 841 1822 926 expedivi.²)
1866 842 2002 907 Gratias
2025 862 2086 926 ago
2108 840 2167 907 tibi
2188 863 2261 908 ma·

260 937 498 1010 promoveatur,
535 926 629 992 illum
665 928 753 993 ultro
788 939 1018 1010 suscepturum
1052 925 1114 993 hoo
1141 948 1235 993 onus.
1286 930 1393 992 ximas
1415 947 1475 1011 pro
1496 927 1580 992 libro
1602 929 1685 991 mihi
1702 928 1811 993 misso.
1857 926 1962 1012 Spero
1985 947 2117 993 oausam
2139 948 2261 994 ooeuae

260 1013 347 1078 Nam
369 1013 514 1096 alioquin
536 1034 604 1078 non
626 1028 777 1096 putarem
800 1012 994 1097 urgendum.
1029 1011 1096 1078 Sed
1119 1033 1235 1078 vereor
1286 1024 1318 1079 te
1336 1015 1384 1078 ita
1413 1025 1570 1078 traotasse
1599 1022 1636 1078 ut
1665 1012 1749 1077 nihil
1778 1015 1823 1078 sit
1849 1013 1935 1096 quod
1964 1012 2059 1079 aliter
2079 1022 2261 1080 tractatum

260 1106 299 1163 ιιι
330 1120 397 1163 non
430 1100 511 1164 satis
542 1099 742 1164 intellexerit
776 1098 855 1181 quid
883 1100 929 1163 rei
960 1099 1004 1163 sit
1032 1109 1065 1163 et
1093 1109 1235 1183 quantae
1285 1101 1387 1164 fuisse
1419 1110 1533 1181 optare
1568 1101 1738 1184 possimus.
1790 1100 1918 1183 Legem
1946 1108 2057 1163 tamen
2083 1099 2261 1183 diligenter

261 1185 377 1250 messis
405 1185 606 1269 exspeotatio
636 1186 679 1250 sit
708 1185 803 1250 nobis
832 1185 1007 1267 proposita.
1038 1184 1173 1251 Utinam
1206 1186 1235 1249 is
1285 1186 1393 1268 primo
1434 1204 1562 1268 quoque
1594 1195 1755 1267 tempore.
1801 1185 1981 1268 Aegrotsvi
2013 1185 2079 1249 iam
2111 1185 2261 1268 pluribus

265 1290 370 1336 essem
398 1271 453 1354 qui
481 1291 609 1353 possem
635 1269 697 1336 hoo
727 1284 903 1354 praestaro.
955 1269 1147 1336 Liberarem
1177 1291 1235 1335 voe
1284 1271 1408 1347 diebus,
1432 1269 1571 1336 decubui
1593 1271 1725 1354 aliquot,
1747 1271 1887 1336 neodum
1909 1271 2004 1353 plane
2023 1270 2160 1335 revalui.
2192 1272 2260 1336 Im·

260 1357 325 1421 ista
341 1356 519 1439 quaerendi
541 1357 697 1422 molestia
727 1357 784 1422 Me
801 1365 890 1422 uerte
902 1356 1113 1422 vehementer
1134 1355 1236 1439 pudet
1285 1355 1376 1440 pedit
1415 1357 1478 1422 hoo
1504 1358 1718 1421 vehementer
1746 1357 1900 1421 instituta
1928 1358 2048 1429 mea.⁸)
2093 1354 2161 1422 Sed
2189 1358 2261 1440 quis

260 1452 391 1507 nostrae
414 1443 543 1525 inopiae
564 1443 600 1505 in
623 1451 717 1507 tanta
739 1443 910 1507 hominum
931 1443 1032 1526 eopia.
1066 1441 1235 1524 Quidquid
1286 1456 1447 1524 repugnet
1472 1442 1637 1507 Domino?
1681 1441 1778 1508 Illius
1806 1443 1960 1508 voluntas
1994 1463 2170 1524 rerumque
2200 1464 2261 1528 gn·

261 1529 415 1593 statueris
458 1543 586 1593 mature
633 1529 783 1604 rescribe,
830 1537 868 1592 ut
909 1527 964 1592 vel
1004 1529 1236 1610 profectionem
1284 1528 1434 1594 bernatio
1455 1548 1583 1610 sempor
1604 1536 1655 1593 est
1675 1529 1807 1612 optima.
1845 1529 1977 1594 Mittam
2000 1526 2043 1593 ad
2059 1539 2093 1592 te
2114 1529 2261 1594 viomsim

260 1615 487 1697 suseipiamus,
510 1614 563 1677 vel
585 1615 613 1677 si
646 1614 745 1678 alium
769 1614 922 1679 idoneum
944 1614 1104 1698 repereris
1126 1614 1235 1696 quies·
1286 1635 1496 1697 quaeeunque
1509 1615 1695 1697 vulgavere.

259 1717 381 1765 eamus.
1372 1698 1513 1782 Soripsit
1534 1709 1567 1764 et
1592 1699 1729 1766 Ortinae
1749 1711 1864 1766 eontra
1894 1698 2113 1782 Westpbalam.
2125 1702 2153 1775 ⁴)
2186 1700 2261 1764 Non

347 1785 399 1850 De
422 1787 519 1851 rebus
542 1786 680 1850 nostris:
726 1785 864 1850 Filiolus
893 1786 997 1849 nostri
1027 1786 1128 1850 Vtrae·
1149 1785 1234 1867 peri·
1286 1788 1398 1850 omnia
1425 1786 1501 1869 legi,
1531 1785 1588 1850 sed
1611 1787 1770 1869 quaedam
1794 1785 1969 1850 duntaxat:
1992 1807 2078 1851 nuno
2100 1806 2181 1850 vero
2203 1808 2261 1851 ex-

260 1869 464 1936 aulosissime
502 1872 684 1956 aegrotavit
712 1871 867 1935 hesterna
903 1881 1005 1949 noete,
1036 1892 1096 1936 neo
1129 1871 1236 1937 adhue
1286 1871 1425 1937 auditur.
1486 1872 1667 1937 Existimas
1723 1882 1873 1953 suscepta
1909 1872 1945 1935 in
1984 1881 2017 1936 te
2054 1871 2133 1937 belli
2176 1872 2262 1937 mole

258 1977 432 2038 possumus
454 1959 534 2022 oerti
564 1957 739 2040 quidquam
758 1978 899 2041 sperare.
909 1959 935 2030 ³)
969 1958 1071 2022 Brevi
1092 1967 1235 2040 praeter·
1286 1957 1379 2022 nobis
1411 1959 1575 2041 peperisse
1604 1959 1759 2024 indooias.
1809 1958 1881 2041 Ego
1911 1978 1989 2022 vero
2019 1957 2143 2022 rabiem
2182 1960 2261 2023 isto-

260 2042 361 2107 ierint
389 2044 459 2109 dies
476 2042 702 2127 provooatiani
730 2042 973 2126 persequendae
994 2044 1235 2116 constitutae.⁶)
1287 2065 1361 2108 rum
1394 2043 1566 2109 hominum
1595 2046 1641 2109 sio
1670 2047 1746 2109 novi
1779 2053 1817 2107 ut
1845 2064 1950 2126 neque
1977 2042 2126 2108 indusias
2156 2065 2262 2126 neque

260 2126 343 2193 Sive
373 2130 458 2194 adsit
490 2129 531 2194 ad
559 2129 645 2194 diem
681 2127 858 2203 Vendebat.
893 2129 964 2194 sive
991 2129 1110 2207 minus,
1140 2149 1235 2211 spero
1286 2149 1399 2213 paoem
1438 2131 1531 2195 nobis
1570 2131 1735 2213 pollioear.
1782 2130 1981 2195 Consolatur
2018 2129 2079 2194 hoo
2119 2130 2262 2195 maxime

262 2236 324 2280 nos
342 2226 529 2280 constanter
550 2218 692 2281 fauturos
714 2214 866 2279 offioium.
1286 2237 1347 2279 nos
1365 2237 1479 2281 omnes
1498 2216 1584 2299 quod
1602 2216 1761 2282 bellamus
1784 2214 1869 2280 bella
1890 2214 2036 2280 Domini.
2075 2215 2262 2280 Vehemen-

348 2302 441 2367 Haeo
475 2302 576 2366 habui
608 2321 690 2384 quae
719 2300 894 2366 scriberem
921 2309 955 2365 et
983 2300 1049 2365 alia
1076 2298 1236 2382 quaedam
1286 2312 1339 2365 ter
1367 2324 1419 2366 me
1448 2302 1540 2386 angit
1567 2302 1691 2366 frustra
1712 2303 1846 2366 cessisse
1869 2312 1927 2364 aut
1948 2300 2103 2366 oeoidisse
2125 2314 2263 2367 oonatus

261 2406 374 2469 pauoa.
407 2386 475 2453 Sed
497 2387 583 2452 malo
601 2408 684 2469 quae
706 2397 831 2451 restant
852 2406 894 2451 ex
917 2385 1139 2452 Sanlaurentio
1160 2407 1236 2450 nos·
1287 2406 1403 2453 omnes
1431 2387 1611 2453 renovandi
1635 2388 1785 2453 foederis.
1798 2390 1823 2467 ὅ)
1868 2386 1953 2451 Nam
1984 2385 2081 2471 longe
2103 2384 2265 2452 deteriora

262 2480 316 2537 tro
337 2474 504 2556 intelligas
523 2474 614 2539 brevi
634 2475 718 2537 istuo
736 2473 930 2554 profecturo.
970 2472 1062 2537 Bene
1084 2471 1167 2542 vale,
1190 2471 1236 2535 mi
1288 2486 1409 2539 metuo.
1461 2472 1641 2539 Dominum
1672 2494 1729 2539 oro
1757 2482 1795 2538 ut
1824 2472 1960 2538 sublatis
1986 2471 2210 2538 simultatibus
2231 2481 2266 2538 ot

263 2559 387 2641 optime
418 2570 520 2643 pater.
565 2558 727 2623 Dominus
752 2558 848 2623 Iesus
877 2558 1072 2624 misereatur
1100 2577 1236 2622 suorum
1288 2559 1371 2623 odiis
1403 2558 1502 2625 urbes
1532 2560 1606 2625 illas
1628 2561 1754 2626 visinas
1783 2559 1908 2624 sineere
1930 2559 2031 2623 uniat.
2070 2556 2158 2623 Vale.
2203 2558 2264 2624 Sa-

260 2652 294 2707 et
325 2654 359 2710 ta
384 2645 479 2710 nobis
508 2654 687 2710 oonservet.
728 2644 925 2710 Lausannae
955 2648 1004 2708 26.
1034 2643 1181 2709 Ianuarii
1207 2664 1234 2707 a.
1289 2644 1410 2710 lutabis
1430 2657 1763 2730 omnessymmystas,
1786 2647 1903 2709 fratres
1922 2642 2176 2710 colendissimos.
2205 2643 2265 2711 Sa·

259 2728 361 2797 insar.
384 2734 474 2796 1556.
1287 2729 1397 2795 lutant
1425 2741 1459 2796 te
1489 2742 1691 2816 symmystae
1716 2732 1781 2796 moi
1810 2750 1933 2794 omnes.
1983 2730 2149 2794 Dominus
2167 2732 2265 2797 bene-

1291 2816 1378 2881 dioat
1405 2817 1466 2883 tibi
1495 2818 1624 2900 tuisque
1653 2819 1813 2894 omnibus,
1836 2814 1966 2881 domine
1984 2814 2212 2883 oolendissime
2233 2826 2266 2882 et

607 2956 613 2969 .
837 2868 874 2933 Τ·
897 2868 937 2968 Β·
1049 2953 1056 2966 .
1095 2953 1101 2965 .
1141 2953 1147 2966 .
1290 2901 1394 2968 franr
1416 2905 1592 2969 nussime.
1636 2904 1753 2988 ugus
1775 2907 1825 2966 ιι.
1847 2902 1995 2967 Ianuarii
2017 2922 2104 2966 anno
2125 2907 2216 2968 rest.

569 2955 657 3020 filius
679 2953 739 3019 t1b1
761 2976 796 3017 ιιι
819 2955 962 3019 Domino
982 2953 1235 3020 addictissimus.

1824 3032 1825 3036 ’
1856 3039 2069 3124 Bullingerus
2092 3049 2179 3105 tuus.

646 3248 848 3258 --—---

1682 3332 1885 3344 ———-

704 3484 804 3555 2382.

466 3628 1033 3706 eoouiuaususouuvuvo.
1731 3568 1833 3639 ²³⁸³·

1500 3723 1775 3790 BULLINGER
1804 3724 1866 3790 AN
1888 3723 2067 3801 HAAB.')

356 3811 419 3875 Via
442 3832 458 3876 e
480 3811 583 3875 morbo
604 3811 794 3876 revalescens
823 3811 924 3875 malta
944 3812 1059 3893 nequit.
1106 3811 1240 3876 Gratias

261 3899 328 3981 aad
351 3898 389 3962 de
411 3896 490 3961 libra
512 3895 574 3961 sibi
595 3898 701 3962 missa
723 3896 875 3962 Oebinam
891 3902 999 3962 ronna
1027 3895 1240 3977 Weetpbalam
1377 3895 1428 3959 Er
1464 3895 1623 3979 empfiellt
1662 3895 1727 3960 idne
1753 3896 1805 3961 die
1833 3893 2071 3980 Anqeleqenbeit
2099 3895 2156 3961 der
2187 3895 2266 3961 Gen·

261 3983 395 4135 arrigere
435 3984 572 4048 nannat
626 3981 703 4047 aum
736 3982 928 4048 Latberanis
952 4004 1020 4066 pan
1051 3983 1142 4048 nulla
1169 4003 1240 4064 spe-
1289 3979 1339 4062 fer
1359 3982 1395 4046 in
1416 3980 1539 4063 Betreff
1554 3982 1609 4047 des
1631 3981 1823 4066 Barpreebts
1843 3983 1902 4046 nu't
1923 3979 2019 4047 Bam.

263 4091 324 4135 ran
347 4090 378 4134 a.

264 4239 478 4309 (Antograplron
504 4254 558 4291 non
582 4242 680 4291 exstat.
720 4238 880 4306 Reperimus
903 4239 990 4291 solum
1013 4238 1152 4307 exemplar
1174 4237 1240 4290 Tur-
1292 4271 1384 4326 2332·
1396 4271 1424 4339 1)
1445 4271 1596 4326 semim
1615 4270 1815 4337 mmm

264 4310 345 4363 ratini
368 4310 397 4362 in
422 4305 764 4370 Ood.Genev.111·,lol.
786 4305 838 4359 230
865 4324 898 4359 ex
926 4323 980 4376 quo
1007 4307 1172 4429 daserpptum
1199 4312 1242 4359 est
1394 4340 1425 4400 2)
1442 4341 1563 4406 soem,
1579 4341 1741 4395 mundi,
1775 4340 1807 4392 pq
1825 4338 1901 4393 2379,

303 4378 441 4431 Berueneo
459 4377 534 4446 Epp.
554 4377 602 4430 vl.
621 4374 683 4438 617,
700 4376 771 4429 undo
789 4377 906 4445 sumpsit
923 4376 1053 4430 Simlerns
1099 4373 1205 4442 0186.)
1394 4409 1425 4476 3)
1447 4408 1501 4464 sm.
1524 4412 1613 4478 ..mm
1638 4413 1768 4478 mmmm
1792 4409 1986 4478 “9030qu
2012 4407 2046 4461 de
2071 4420 2158 4463 m
2181 4407 2267 4463 md·

268 4546 459 4614 Clarissimo
488 4549 560 4613 viro
582 4546 623 4612 D.
653 4547 771 4612 Ioanni
793 4546 935 4612 Calvino
954 4546 1160 4613 Genevensis
1188 4568 1241 4612 eo·
1291 4479 1426 4611 mund.)
1444 4546 1477 4599 N.
1494 4544 1570 4600 23⁵3-
1605 4546 1684 4600 Ησει
1702 4546 1740 4600 ΙΙΙ
1758 4544 1817 4600 229·

267 4633 384 4700 olesiae
414 4636 538 4718 pastori
568 4634 699 4699 domino
728 4654 787 4698 sno
810 4633 996 4698 venerando
1018 4640 1052 4697 et
1073 4633 1167 4698 fratri
1188 4654 1241 4700 ao·
1291 4613 2144 4754 mmbelrffdiffgfflne‘fdzffgf:gffssefflgn‘fflssu
2159 4615 2270 4753 m

658 4719 857 4785 lendifflim·
1289 4754 1419 4820 [aedeis.
1448 4753 1553 4834 Eadem
1571 4769 1660 4807 mense
1677 4754 1838 4807 mediatores
1856 4755 1997 4807 civitatum
2012 4751 2135 4834 Bernarq
2148 4754 2271 4822 prasenti

1292 4822 1326 4875 de
1342 4824 1533 4878 conciliabone
1550 4823 1717 4892 satagebant.
1753 4821 1829 4876 Nabal
1846 4837 1909 4876 aero
1932 4822 2079 4890 effecerant
2098 4825 2157 4876 nesi
2176 4828 2208 4876 stt
2224 4821 2270 4877 de·

267 4891 357 4945 diuini
365 4892 496 4944 minister.
525 4889 579 4944 Sed
593 4897 657 4958 poet
675 4890 781 4944 eaedem
791 4890 1039 4945 Bartbolamaieam
1049 4907 1130 4961 quam
1148 4891 1242 4946 diasat
1291 4907 1348 4945 aaa
1365 4893 1562 4960 negotiationes
1579 4893 1799 4958 instituerentur,
1821 4907 1892 4960 qaae
1908 4889 2006 4944 deinde
2026 4906 2076 4959 per
2092 4896 2179 4946 ιοιιιιιι
2197 4892 2271 4946 bien-

269 4960 406 5014 Geneaam
422 4961 493 5028 faya
510 4975 538 5013 ee
551 4962 659 5028 recepit.
690 4959 807 5028 Scripsit
824 4967 969 5014 tractatam
988 4961 1021 5013 de
1036 4962 1243 5029 magistratsbus
1291 4961 1368 5013 niun
1384 4966 1541 5029 protractae
1555 4961 1675 5025 suetum.
1712 4960 1838 5025 (Raabat
1854 4960 1901 5014 Vl.
1920 4958 1994 5024 183.)

266 5030 362 5097 populi
378 5032 497 5082 romani.
533 5029 620 5082 Laus.
640 5027 714 5083 1579.
733 5027 759 5082 8.
796 5027 1080 5097 (Ηααφ.1’111.320.)
1292 5028 1424 5097 288111)
1446 5029 1504 5083 Etn
1521 5029 1605 5083 Narne
1620 5029 1705 5091 findet
1728 5030 1785 5084 ntea
1802 5030 1877 5083 nieht
1894 5029 1949 5093 aas
1962 5028 2020 5082 dere
2039 5027 2138 5093 stane,
2157 5027 2212 5082 dae
2228 5029 2273 5096 os-

369 5098 398 5231 ll
416 5099 654 5219 1013111315
1289 5098 2023 5222 bllatttttltttttteteett?tt
2037 5096 2274 5223 delam

368 5234 399 5302 8)
418 5206 450 5289 N:
465 5205 546 5290 2364:
655 5203 662 5219 .
1291 5238 1358 5290 ena
1387 5185 1722 5304 oenfn⁹eaqeoranenb
1748 5251 1797 5290 aar
1826 5235 1902 5290 Rath
1926 5182 1971 5288 aaa
1984 5235 2099 5304 briepen
2114 5236 2272 5293 abnuebat
