4688 5902
230 342 293 404 427
979 331 1241 401 ΕΡΙΒΤΟΙιΑΕ
1263 338 1474 400 atet-2607
2166 340 2232 402 428

230 525 354 610 perlem
377 523 522 589 nondum
544 523 645 588 animi
662 544 759 589 causa
776 521 979 605 peregrinari
997 519 1203 586 commodum
1254 521 1466 587 incommoda.
1511 521 1557 586 ut
1584 522 1614 587 si
1636 542 1713 587 vera
1740 528 1828 600 sunt,
1858 543 1942 607 quae
1971 522 2161 590 scribuntur
2188 545 2233 591 ex

232 620 331 678 esset:
355 609 429 674 date
452 610 567 674 saltem
585 629 727 690 operam,
750 607 916 672 utstatim
936 628 955 671 5
973 607 1127 690 paschate
1146 627 1203 670 vos
1255 607 1442 685 Germania,
1462 607 1679 673 celebrabitur
1690 607 1888 690 colloquium
1900 609 2099 692 Ratisponae
2117 631 2234 677 mense

232 698 285 762 hic
304 695 481 761 videamus.
494 699 521 774 ³)
554 695 627 778 Ego
645 696 677 759 in
701 692 734 758 id
757 701 894 777 tempus,
917 713 1014 775 quam
1036 690 1077 756 de
1097 691 1203 756 literis
1255 692 1441 777 Septembri
1464 694 1664 776 proximo:⁴)
1688 694 1724 758 in
1747 693 1833 776 quod
1852 696 2038 760 attrahatur
2055 695 2146 761 inter
2163 697 2235 781 pri·

232 782 418 848 Dahasaa
437 778 706 847 consultationem
717 777 928 844 habendum*
945 800 1016 843 esse
1033 777 1203 860 scripsisti,
1253 800 1323 844 mos
1348 777 1527 861 Philippica
1571 779 1641 844 Nec
1668 779 1736 844 scio
1757 800 1822 861 qua
1854 801 1929 845 cum
1957 780 2101 845 utilitate
2123 791 2160 847 et
2182 782 2236 848 illi

233 867 352 932 reiioio.
398 866 490 945 Vale,
519 865 699 931 clarissime
723 864 774 930 vir
795 864 942 947 mihique
968 863 1122 947 inprimis
1144 864 1202 927 ho·
1254 865 1322 930 sint
1342 864 1568 947 colloquaturi,
1587 886 1687 947 quum
1699 864 1941 948 praescribatur
1957 866 2022 932 illis
2047 888 2098 933 res
2115 868 2234 951 impia,

232 953 378 1018 norande
400 953 508 1029 frater,
532 973 605 1016 eum
627 952 669 1016 D.
693 949 846 1033 Martyre,
869 951 911 1014 D.
938 949 1116 1028 Gualtbero,
1145 969 1202 1032 ge·
1255 962 1292 1014 nt
1313 950 1487 1014 concilient
1516 965 1697 1034 pugnantes
1719 952 1807 1019 inter
1828 973 1862 1016 se
1892 952 2077 1035 religiones,
2107 974 2235 1019 conen·

231 1041 318 1103 neris
340 1037 476 1120 aliisque
494 1037 686 1120 symmystis
716 1045 750 1099 et
771 1045 840 1100 tota
860 1035 993 1100 familia.
1038 1035 1202 1099 Dominus
1254 1045 1372 1117 turque
1395 1037 1578 1119 papismum
1600 1045 1634 1100 et
1655 1036 1858 1120 evangelium
1883 1036 2085 1103 concordare.
2123 1039 2236 1105 Valde

231 1145 290 1189 vos
318 1124 423 1207 magis
453 1144 489 1187 aa
516 1123 621 1206 magis
656 1119 827 1208 benedicat
856 1132 1018 1203 semper.¹
1046 1121 1202 1186 Generae
1255 1129 1365 1185 metuo
1396 1119 1552 1203 quosdam
1585 1122 1735 1186 veritatis
1767 1132 1942 1205 pertaesos,
1970 1124 2042 1188 rias
2071 1145 2237 1206 quaerere

235 1214 282 1274 17.
305 1209 419 1274 Martii
446 1213 535 1272 1557.
678 1210 680 1213 ’
1254 1228 1313 1289 per
1340 1228 1421 1289 quas
1450 1206 1587 1271 redeant
1613 1208 1647 1272 in
1671 1207 1865 1290 papismum,
1897 1218 1954 1273 aut
1980 1209 2098 1274 saltem
2129 1233 2236 1277 evan-

672 1293 762 1357 Γ11555
784 1292 925 1357 Ioannes
948 1291 1115 1357 Calvinus.
1255 1291 1377 1375 geliam
1388 1299 1421 1356 et
1437 1292 1628 1376 religionem
1646 1300 1894 1375 consequantur,
1911 1295 2005 1360 ouius
2020 1296 2128 1379 gratia
2147 1297 2237 1363 nihil

1255 1378 1528 1442 incommoditatis
1556 1379 1725 1461 accipiant.
1775 1377 1841 1444 Sed
1871 1379 1959 1444 videt
1986 1383 2097 1446 omnia
2128 1383 2236 1449 Deus.

1257 1463 1361 1527 Video
1382 1464 1416 1527 in
1439 1463 1618 1528 Germania
1640 1465 1750 1529 omnia
1772 1486 1841 1530 esse
1864 1465 2022 1531 convulsa
2044 1474 2077 1531 et
2095 1466 2239 1535 disiecta

617 1585 819 1595 -—-——
1256 1569 1434 1631 omnesque
1473 1550 1736 1614 concionatorum
1776 1569 1943 1616 sermones
1979 1550 2078 1636 dirigi
2116 1567 2239 1620 contra

1256 1636 1536 1714 sacramentarios,
1565 1637 1658 1718 quasi
1686 1635 1771 1700 nihil
1804 1637 1857 1714 sit,
1885 1636 1969 1719 quod
1999 1646 2101 1721 agant
2132 1640 2237 1705 aliud.

1255 1720 1309 1783 Ex
1330 1720 1429 1787 Italia
1451 1719 1580 1786 diversa
1613 1719 1804 1787 adferuntur
1824 1723 1954 1798 nuncia,
1988 1723 2055 1787 iam
2077 1725 2239 1810 progredi

673 1802 772 1872 2000.
1255 1806 1443 1885 exereitum,
1472 1828 1549 1871 mox
1576 1807 1709 1873 tractari
1738 1807 1778 1872 de
1799 1828 1888 1891 pace.
1939 1809 2104 1875 Dominus
2135 1812 2238 1877 mise·

1255 1899 1368 1955 555555
1390 1892 1493 1956 nostri
1513 1902 1547 1956 et
1564 1900 1675 1956 servet
1696 1914 1765 1957 nos.
1796 1893 1879 1958 Vale
1902 1903 2015 1959 aetern
2077 1947 2083 1960 .
2167 1897 2177 1959 l

428 1958 761 2026 BULLINGERUS
785 1956 1002 2022 ΟΑῙΝῙΝΟ·
1255 1985 1463 2060 symmystas.
1527 1976 1682 2043 Salutant
1721 1985 1754 2042 te
1786 1987 1820 2043 et
1854 1989 1928 2044 tuos
1967 1916 2073 2045 racilii
2106 1895 2240 2049 osnidbtd

533 2133 539 2144 .
621 2132 627 2143 .
1255 2062 1370 2144 'ligari
1393 2066 1483 2141 255)
1507 2065 1605 2128 Anno
1630 2068 1721 2128 1557.

318 2132 368 2198 De
386 2133 506 2213 foedere
526 2151 592 2196 acm
615 2151 649 2193 aa
670 2148 704 2193 eo
725 2134 770 2192 est
788 2134 824 2191 ut
844 2147 932 2208 apem
954 2127 1092 2191 abraerat.
1137 2128 1204 2191 Iter

235 2218 410 2284 Gerwaenae
443 2219 511 2298 ipse
541 2220 672 2297 propter
706 2215 911 2279 valetudinem
947 2214 1003 2276 cia
1045 2213 1202 2294 55551ρὶ55.
1817 2201 2032 2285 Bullingerus
2057 2213 2148 2269 tuus.

234 2302 403 2386 colloquia,
425 2308 488 2366 tam
504 2323 525 2365 a
537 2301 636 2366 Laeca
648 2300 844 2381 propositam
860 2319 955 2381 qaam
969 2297 1203 2379 Ratispcaeaee,
1834 2329 1840 2339 ·

231 2390 315 2455 atat
330 2389 502 2470 prefocara
524 2391 709 2470 auguratur.

233 2561 289 2625 (Dx
312 2560 479 2628 autographo
498 2558 578 2610 Aroh.
603 2557 691 2610 Turia.
709 2557 780 2608 Plut
800 2555 846 2608 VI.
866 2554 923 2609 Vol.
943 2553 1000 2607 129.
1026 2555 1090 2606 olim
1116 2555 1201 2608 Scrin.

342 2630 373 2682 B.
391 2628 462 2695 hipp.
479 2627 554 2679 l'om.
573 2624 615 2691 30,
632 2625 678 2678 iol.
698 2622 757 2678 350.
775 2651 807 2662 -
826 2623 932 2677 Simler.
952 2623 1014 2676 Vol.
1033 2621 1091 2686 89.)

317 2800 506 2899 Clarissimo
535 2800 606 2863 viro
634 2799 674 2862 Ι).
697 2797 816 2895 Ioanni
837 2794 975 2860 (lalvino
997 2795 1201 2894 Genevensis
1688 2779 1786 2849 2607.

231 2886 552 3038 ffiglipleomrmstro
569 2883 656 2948 fideli
680 2883 810 2947 dommo
828 2902 887 2946 suo
904 2880 1039 2946 colendo
1056 2890 1090 2944 et
1106 2881 1200 2945 fratri
1442 2933 1678 3000 CALVINUS
1701 2933 2035 3001 SOHALLINGIO.

1006 3053 1115 3117 Genff.

1342 3103 1429 3170 Eius
1450 3106 1591 3171 audiam
1606 3106 1702 3186 pacis
1723 3112 1751 3171 et
1778 3106 1956 3172 concordiae
1976 3109 2060 3172 irater
2081 3107 2240 3193 theologas

1254 3190 1481 3258 instaurandae
1513 3192 1637 3271 1551155,
1669 3192 1750 3257 idem
1789 3196 1819 3256 et
1858 3212 1951 3256 suum
1983 3213 2049 3259 esse
2079 3194 2239 3277 affirmat,

1254 3275 1483 3342 decensionem
1512 3276 1707 3344 acerbitatem
1734 3298 1768 3343 ee
1788 3278 1892 3360 mepta
1911 3279 2051 3360 deplorat
2079 3300 2145 3362 qua
2160 3283 2238 3364 plaa-

1253 3361 1341 3427 rr'bas
1362 3363 1396 3426 in
1426 3363 1517 3429 raras
1539 3383 1641 3427 amaea
1662 3363 1858 3428 caesariana.
1917 3362 2016 3428 Parra
2045 3385 2142 3430 suam
2164 3368 2238 3433 doc·

1252 3447 1370 3512 tritam
1391 3450 1428 3514 de
1449 3468 1541 3514 caeaa
1562 3449 1661 3514 lucide
1681 3450 1806 3530 exponit
1826 3455 1854 3513 et
1874 3449 2019 3516 uindicat.

318 3227 353 3292 S.
377 3228 418 3292 D.
464 3226 555 3291 Nihil
591 3226 712 3308 alioqui
741 3235 811 3288 erat
838 3222 925 3306 quod
954 3223 1131 3289 scriberem
1162 3220 1202 3286 de

232 3313 521 3379 eausacommuni:
540 3333 640 3394 quam
651 3310 782 3376 audiam
794 3320 944 3376 senatum
963 3308 1200 3391 amplissimum

232 3401 343 3463 omnia
364 3399 622 3480 perscripturum
645 3397 852 3461 vestratibus.
883 3395 982 3460 Dolet
1003 3414 1069 3458 non
1090 3396 1202 3457 imme·

231 3485 295 3549 rito
328 3486 447 3549 nostris
480 3483 636 3548 hactenus
665 3481 751 3566 apud
773 3483 812 3547 B.
825 3486 850 3560 ¹)
879 3503 913 3546 se
950 3479 1029 3545 adeo
1060 3479 1202 3563 potuisse

231 3570 325 3645 nihil,
347 3590 449 3652 quum
472 3581 581 3635 tamen
602 3571 762 3634 tentarint
783 3569 902 3631 omnia.
947 3566 1122 3632 Caeterum
1144 3587 1202 3630 ve·
1414 3620 1419 3631 .
1744 3620 1779 3632 ..

231 3657 324 3720 nient
341 3655 453 3737 procul
473 3655 569 3719 dubio
587 3667 734 3736 tempora
751 3655 857 3736 magis
875 3673 1039 3735 prospera,
1057 3671 1095 3716 aa
1114 3651 1203 3717 dabit
1254 3619 1349 3682 (Manu
1368 3635 1420 3672 'm
1441 3626 1543 3742 ‘'23⁰⁰''
1563 3619 1794 3742 ⁰¹jg⁸5l0hffl¹dt¹t
1812 3622 1889 3742 33²3}
1902 3620 2004 3742 dgna}
2022 3621 2131 3744 ²1¹?ss
2151 3625 2234 3677 Μ’

230 3742 405 3814 Dominus,
417 3741 444 3803 si
456 3741 598 3804 voluerit
609 3761 668 3804 vos
680 3761 794 3805 rursus
811 3739 1000 3815 coalescere,
1020 3736 1203 3803 uberiorem
1339 3704 1365 3756 p.
1435 3726 1443 3750 '
1487 3707 1529 3742 an.
1548 3706 1574 3756 p,
1646 3726 1652 3751 ’
1711 3706 1761 3741 ⁰⁰⁶
1791 3706 1819 3756 p.
1891 3728 1897 3752 '
1940 3707 2000 3742 ω’
2019 3707 2045 3758 p.
2120 3694 2141 3757 '³

231 3826 518 3909 opportunitatem.
564 3825 627 3890 Sin
655 3825 704 3888 illi
733 3825 842 3889 risum
872 3824 970 3888 fuerit
998 3821 1097 3898 aliud,
1125 3821 1202 3903 qnid

229 3934 290 3978 nos
323 3933 496 3993 possumus
528 3932 627 3993 quam
664 3932 771 3976 orare:
811 3911 890 3974 Fiat
928 3909 1081 3974 voluntas
1121 3907 1202 3971 5551

231 3997 337 4081 Spero
359 3998 539 4062 Dominum
562 3996 657 4061 nobis
679 3998 830 4079 nuspiam
855 3995 1053 4059 defuturum.

317 4085 368 4148 De
386 4083 528 4147 adventu
546 4104 618 4147 mea
635 4083 742 4148 nescio
760 4080 837 4164 quid
861 4082 1009 4144 futurum
1027 4081 1078 4154 sit,
1101 4100 1203 4160 quum

231 4189 299 4233 non
330 4171 392 4234 sim
426 4167 600 4232 admodum
622 4170 718 4232 firma
747 4168 926 4231 instructus
952 4164 1141 4230 valetudine
1171 4173 1204 4228 et

232 4255 327 4318 varia
347 4275 400 4317 me
421 4255 457 4317 in
480 4253 566 4318 diem
595 4252 778 4318 adobruant
805 4252 943 4335 negotia,
975 4263 1008 4315 et
1035 4250 1203 4315 molestiae

231 4361 284 4404 me
307 4339 464 4405 divexant
484 4341 684 4403 innumerae.
729 4338 884 4413 Venient,
906 4338 935 4401 si
957 4346 1119 4420 poterunt,
1147 4335 1204 4399 alii

232 4427 389 4489 fortassis.
400 4425 428 4507 2)
477 4425 544 4488 Sed
578 4432 742 4506 uteunque
776 4443 813 4487 ea
849 4444 901 4487 res
931 4422 1062 4500 habeat,
1094 4432 1203 4486 metuo

233 4531 294 4594 ego
324 4531 390 4574 non
417 4512 488 4574 sine
516 4511 622 4575 causis
651 4510 788 4593 exiguis,
823 4508 1016 4590 colloquium
1047 4508 1107 4572 hoo
1136 4528 1203 4572 non

232 4615 446 4678 magnacum
468 4596 585 4672 fructu,
609 4597 655 4660 sic
673 4604 711 4659 ut
731 4594 821 4671 illel)
843 4601 946 4676 putat,
967 4614 1202 4675 processurum.

235 4681 424 4746 Periculum
447 4682 509 4745 erit
531 4704 573 4746 ex
596 4681 723 4745 itinere.
762 4680 851 4745 Sunt
873 4692 905 4744 et
927 4680 991 4745 alia
1013 4701 1077 4744 non
1100 4698 1203 4762 pauca

1340 3859 1474 3924 Literae
1496 3870 1581 3936 tuae,
1596 3862 1621 3940 ¹)
1648 3860 1768 3924 eximie
1790 3861 1892 3925 viret
1920 3862 2021 3925 frater
2045 3882 2089 3926 ex
2120 3866 2236 3928 animo

1254 3945 1336 4009 mihi
1370 3943 1510 4022 colende,
1545 3947 1648 4012 serius
1680 3967 1778 4028 quam
1807 3945 1985 4028 optandum
2017 3948 2114 4026 foret,
2148 3950 2236 4015 mihi

1254 4031 1389 4095 fuerunt
1416 4030 1574 4109 redditae,
1605 4052 1705 4113 quum
1728 4033 1794 4097 iam
1824 4031 1866 4096 ad
1890 4032 2054 4098 nundinas
2089 4037 2235 4116 profecti

1255 4123 1364 4181 essent
1386 4136 1499 4180 omnes
1521 4118 1626 4180 nostri
1649 4124 1861 4182 mercatores:
1892 4118 1955 4182 etsi
1983 4127 2116 4201 praeter
2137 4143 2235 4204 spem

1254 4201 1364 4266 oblata
1386 4212 1435 4265 est
1464 4223 1548 4266 nova
1580 4202 1743 4268 scribendi
1773 4203 2008 4286 opportunitas,
2042 4205 2110 4270 nisi
2142 4209 2234 4290 quod

1254 4286 1469 4352 tumultuarie
1486 4287 1681 4370 respondere
1698 4309 1804 4372 cogor,
1823 4290 1900 4371 quia
1916 4290 1980 4353 iam
1999 4290 2033 4354 in
2054 4292 2234 4373 procinctu

1255 4380 1326 4437 erat
1348 4374 1485 4439 nuncius
1509 4381 1684 4456 antequam
1711 4373 1750 4439 de
1773 4375 1842 4439 eius
1864 4373 2007 4440 discessu
2036 4374 2235 4445 admonitus

1254 4460 1382 4523 fuerim.
1427 4459 1504 4523 Alia
1521 4460 1700 4530 certamina
1722 4460 1840 4543 quibus
1863 4463 2060 4543 aprotervis
2085 4463 2235 4548 ingeniis

1254 4542 1359 4609 scindi
1381 4544 1569 4627 turbatique
1598 4546 1766 4611 ecclesiam
1796 4547 1913 4610 merito
1943 4546 2105 4629 deploras,
2140 4573 2235 4618 nunc

1254 4630 1380 4694 omitto.
1425 4630 1593 4696 Dissensio
1615 4653 1699 4713 quae
1722 4654 1780 4696 nos
1808 4631 1905 4698 hodie
1935 4653 2062 4715 quoque
2085 4647 2234 4714 exercet,

1253 4716 1342 4780 inter
1367 4717 1436 4798 pios
1460 4717 1579 4799 alioqui
1606 4726 1640 4781 et
1663 4727 1791 4783 sanatos
1814 4718 1901 4783 viros
1930 4729 2103 4798 commota,
2132 4724 2235 4788 malis

334 4970 365 5035 3)
384 4969 422 5026 N.
441 4969 517 5023 2591.
535 4970 611 5024 2601.
1354 4971 1383 5038 4)
1407 4973 1474 5027 Vide
1497 4988 1583 5038 capra
1600 4973 1640 5028 N.
1658 4973 1734 5041 2598,
1753 4981 1806 5028 aut
1823 4973 1849 5026 4.
1884 4973 1951 5030 Nca
1971 4975 2149 5044 Ratrbpasae
2173 4984 2234 5050 qai.

234 5039 366 5104 20001)
385 5041 544 5094 Beruenses.
1252 5041 1376 5094 amared
1399 5040 1576 5096 Wormaet‘ae.

334 5107 365 5172 2)
383 5110 440 5163 saa.
464 5109 609 5162 Vermrtiae
626 5114 652 5162 et
671 5107 844 5162 caeam.
1354 5109 1513 5169 5111155555
1531 5128 1586 5164 aaa
1608 5113 1760 5180 coemptas
1782 5118 1834 5178 est,
1858 5112 1906 5167 sed
1927 5113 2017 5167 media
2034 5116 2175 5179 paneada
2193 5125 2235 5173 eat

335 5176 365 5240 3)
385 5177 499 5243 Laecae,
517 5178 674 5246 quistapna
691 5177 745 5231 sibi
761 5175 795 5230 de
812 5175 991 5245 theologorum
1000 5177 1119 5230 amatam
1133 5190 1201 5243 par·
1253 5180 1324 5231 inter
1344 5179 1379 5231 N.
1397 5178 1466 5232 2605
1484 5186 1509 5232 et
1526 5178 1565 5236 N.
1584 5178 1659 5234 2610.

233 5245 301 5298 aaa
316 5245 500 5311 pollicebatur.
1254 5245 1347 5301 2007.
1358 5247 1387 5312 1)
1406 5246 1444 5305 N.
1462 5246 1539 5302 2595
