4688 5910
291 309 353 411 'l03
388 365 395 379 .

295 484 301 495 ’
375 498 468 562 Bene
491 496 572 576 vale,
594 498 640 561 mi
658 506 758 581 pater.
782 495 945 568 Dominus
956 497 1050 563 Iesus
1072 496 1132 562 tibi
1153 494 1259 580 magis

291 602 328 649 ac
355 583 460 666 magis
487 581 666 660 benedicat,
686 591 781 667 teque
803 585 958 650 ccclesiae
980 604 1058 650 suae
1079 583 1207 649 salvum
1227 587 1260 645 et

289 668 485 762 incolumem
506 677 623 735 servet.
667 669 768 736 Laus.
792 673 843 735 24.
866 669 1072 735 Novembris.

893 806 955 872 Th.
977 805 1067 874 Besa
1087 815 1173 877 tuns.

372 1010 510 1076 Duobus
531 1009 598 1076 illis
629 1012 786 1076 fratribus
810 1011 850 1076 de
872 1012 991 1094 quibus
1014 1012 1055 1078 ad
1076 1035 1136 1080 nos
1158 1015 1261 1098 scrip·

288 1095 369 1175 sisti,
380 1097 507 1161 utinam
524 1095 571 1161 ita
582 1097 753 1179 possimus,
776 1117 835 1180 per
846 1098 911 1163 Dei
921 1099 1073 1182 gratiam,
1096 1098 1259 1182 prodesse,

287 1191 326 1246 nt
347 1179 412 1247 fert
433 1189 583 1246 nostrum
611 1183 757 1247 omnium
788 1183 938 1249 voluntas
960 1196 992 1248 et
1015 1183 1115 1269 digna
1136 1195 1187 1251 est
1208 1206 1261 1250 eo

288 1288 364 1332 rum
386 1273 505 1334 testata
523 1266 675 1350 probitas.

723 1813 822 1882 2762.

392 1966 513 2032 BEZA
538 1966 778 2035 MINISTRIS
801 1966 1151 2036 TURIOENSIBUS.

376 2136 506 2204 Pretiae
527 2144 640 2204 narrat
660 2160 753 2205 mom
774 2145 801 2204 et
823 2138 1008 2223 caeparum
1021 2140 1201 2223 icpctiomm
1218 2142 1261 2207 od

288 2223 437 2307 tbeolcpoc
465 2222 658 2291 Wormocice
678 2230 875 2309 commotos
895 2230 922 2290 et
942 2227 985 2291 od
1001 2227 1166 2307 principes
1181 2226 1260 2293 Ger-

288 2330 408 2376 manos.
440 2308 522 2374 Tum
533 2311 1015 2391 noemmiusccpcoitquctenuc
1033 2313 1137 2392 ipsius
1147 2313 1261 2394 mosea

288 2397 336 2461 eie
358 2416 428 2461 eum
451 2394 702 2461 Lutberonoram
721 2397 873 2461 sedentia
893 2398 1054 2462 conueniet
1074 2403 1131 2463 eat
1152 2399 1191 2463 ab
1209 2419 1262 2463 cc·

288 2481 359 2546 dero
379 2481 538 2561 discrepet.
585 2480 678 2561 Spem
706 2481 841 2562 concepit
866 2482 1014 2560 optimam
1043 2483 1080 2547 dc
1101 2503 1182 2564 poce
1200 2504 1260 2548 cen

288 2566 335 2630 iic
365 2564 533 2646 difficulter
553 2568 762 2648 procurando.
813 2567 912 2631 Addit
936 2569 1090 2649 quaedam
1110 2569 1148 2634 dc
1169 2569 1260 2635 collo·

289 2652 363 2734 quio
389 2649 610 2717 Werrnotierrsi
630 2657 753 2733 oquae
767 2672 806 2717 cc
828 2651 953 2718 Lutetia
974 2675 1072 2734 caper
1092 2656 1215 2735 occepit.

291 2820 347 2886 (Ex
372 2821 539 2890 autographo
562 2823 626 2877 Cod.
651 2822 741 2876 Turia
769 2824 853 2876 Arch.
879 2825 948 2879 Plnt.
966 2825 1015 2878 Vl.
1033 2825 1096 2878 Vol.
1116 2823 1164 2877 106
1195 2826 1260 2877 olim

296 2890 381 2944 sinn.
398 2891 430 2942 a.
454 2890 524 2960 app.
542 2891 616 2946 rom.
639 2890 987 3026 qupfflcpcfflmns
1005 2894 1066 2948 v01.
1084 2893 1126 2946 er.
1163 2868 1261 2947 burn

499 3131 646 3196 Salutem
670 3141 703 3195 et
724 3132 838 3215 pacem
861 3154 880 3197 a
903 3133 1055 3198 Domino.

377 3302 514 3367 Fratres
537 3312 570 3366 et
590 3316 700 3386 patres
726 3304 763 3368 in
785 3303 929 3368 Domino
951 3304 1130 3387 plurimum
1152 3305 1261 3371 obser-

289 3388 398 3452 vandi.
460 3386 543 3452 Sero
572 3409 724 3455 reversus
733 3390 760 3472 ¹)
793 3390 898 3455 serius
937 3389 1053 3455 scribo.
1111 3391 1263 3456 Fuerunt

289 3474 379 3538 enim
400 3472 482 3537 mihi
504 3473 573 3538 dies
595 3475 717 3558 aliquot
734 3476 916 3542 necessario
938 3476 1160 3555 consumendi,
1183 3476 1261 3542 dum

290 3558 331 3622 ad
353 3558 500 3624 Gallicas
524 3559 677 3628 ecclesias
706 3561 811 3626 scribo
844 3568 878 3625 et
899 3561 1013 3627 amicis
1034 3562 1261 3645 praesentibus

289 3651 323 3707 et
339 3646 608 3726 percontantibus
638 3647 810 3722 satisfacio,
840 3666 901 3710 neo
923 3650 1035 3712 statim
1057 3668 1127 3713 sese
1145 3648 1263 3714 obtulit

289 3730 340 3793 cni
362 3750 453 3795 meas
475 3731 516 3794 ad
538 3752 595 3795 vos
617 3732 729 3796 literas
752 3732 872 3797 darem.
914 3734 1130 3799 Profectionis
1153 3747 1261 3799 autem

288 3823 420 3880 nostrae
441 3815 522 3881 haec
544 3837 672 3882 summa
694 3830 752 3883 est.

373 3900 612 3967 Schaffusianis
630 3912 664 3967 et
685 3903 962 3981 Basiliensibus2)
985 3905 1071 3969 idem
1093 3903 1262 3987 quodam·

288 3987 434 4070 plissimo
456 3997 565 4054 vestro
586 3991 714 4053 senatui
737 3991 892 4072 placebat,
914 4013 1031 4074 nempe
1053 3999 1091 4056 ut
1112 3993 1261 4057 Beruen-

289 4076 376 4153 ses⁸)
400 4075 505 4156 primo
528 4095 654 4156 quoque
672 4086 819 4157 tempore
836 4075 1033 4159 legationem
1054 4079 1152 4143 istam
1174 4097 1260 4141 com·

287 4159 381 4223 muni
414 4169 554 4240 quatuor
586 4161 757 4227 civitatum
793 4164 927 4227 nomine
956 4163 1094 4227 obirent.
1145 4162 1260 4244 Itaque

287 4245 441 4325 quoniam
464 4266 502 4309 ca
523 4267 559 4309 re
591 4246 658 4310 iam
687 4248 804 4324 subito,
828 4258 866 4311 ut
887 4249 1092 4329 putabamus,
1115 4248 1261 4314 confecta

287 4330 368 4394 satis
390 4330 489 4412 spatii
511 4332 604 4396 nobis
628 4333 775 4398 relictum
788 4332 969 4413 videbatur,
981 4333 1147 4399 tentandis
1165 4353 1260 4417 prae·

287 4421 378 4480 terea
410 4416 593 4481 uicinorum
625 4418 753 4492 animis,
788 4421 842 4501 qui
872 4432 1007 4502 possent
1034 4418 1259 4485 Beruensibus

287 4500 323 4563 in
354 4500 429 4564 aula
458 4504 536 4567 satis
567 4504 760 4586 tempestive
783 4524 854 4569 sese
882 4506 1095 4588 coniungere,
1124 4506 1260 4588 profecti

287 4739 395 4819 reperiit
412 4746 442 4794 nt
460 4739 534 4795 dicct
544 4740 645 4796 Becem
661 4744 747 4798 Vircli
762 4745 880 4812 moreio
899 4744 929 4797 iu
944 4744 1100 4813 [incitando
1111 4744 1260 4812 disciplina

286 4824 380 4931 titt.
393 4809 590 4957 tituta
612 4877 816 4934 umam.

389 4945 420 5003 2)
445 4946 512 5000 Vade
528 4954 662 5001 annotata
678 4949 717 5002 od
736 4949 773 5002 N.
791 4947 868 5003 atas.

390 5015 420 5072 3t
440 5013 553 5069 Kircbb.
567 5016 636 5071 dtur.
645 5017 678 5069 ΙΙ.
690 5033 718 5084 p.
730 5018 779 5071 139
788 5035 821 5072 ec
830 5019 908 5073 Actis
919 5018 1082 5087 curbaram
1090 5020 1174 5073 buius
1189 5023 1260 5090 lepo-

288 5083 371 5136 ticm'e
388 5089 489 5138 narrat
504 5085 623 5153 fimum
647 5084 797 5140 Tittlers'um
813 5089 924 5143 aerario
939 5089 1106 5154 praesectam
1124 5105 1185 5143 cunr
1204 5089 1260 5143 Mi·

287 5151 372 5204 rabili
388 5151 426 5206 od
442 5153 492 5206 boc
508 5153 628 5219 officiam
646 5157 847 5222 arepennem
863 5157 1031 5225 propositum
1052 5158 1147 5225 foisse,
1171 5157 1220 5213 ced
1235 5159 1263 5216 ω’

290 5218 434 5274 Claudium
453 5220 523 5291 May
537 5222 698 5290 praelatum.

1038 256 1298 377 urrsuom
1320 311 1533 378 arei-nea

2220 274 2296 375 τοι

1311 516 1424 562 sumus
1450 493 1592 572 Basilea,
1616 495 1672 560 alii
1702 494 1832 579 quidem
1852 494 1907 569 ad
1941 495 2106 562 Comitem
2131 494 2279 580 Monocol-

1308 582 1501 665 perdeascm,
1530 580 1587 644 alii
1616 601 1696 647 vero
1722 582 1944 664 Argentinam
1974 602 2098 660 versus,
2125 590 2280 665 utquam

1309 667 1482 731 minimum
1511 687 1623 731 morae
1643 668 1914 749 interponeretur.
1960 666 2079 737 comes
2100 688 2202 750 quum
2224 689 2280 732 no·

1300 753 1360 818 bis
1392 761 1478 818 essct
1506 753 1617 818 omnia
1649 751 1849 838 perbenigne
1881 752 2052 836 pollicitus,
2085 755 2148 818 fuit
2180 754 2215 817 in
2243 773 2284 819 ea

1252 868 1254 870 ·
1310 839 1484 915 sententia,
1508 847 1555 914 nt,
1579 837 1657 902 dum
1686 837 1830 904 Heluetii
1853 840 1976 922 priores
1998 861 2074 905 cum
2096 837 2190 924 Rege
2207 861 2281 923 age·

1311 934 1394 1000 rent,
1417 923 1668 989 sollicitaremus
1690 924 1770 988 alios
1788 925 1884 988 etiem
1902 926 2088 991 Germanos
2109 924 2281 1008 principes,

1312 1031 1350 1075 ac
1371 1009 1563 1091 praesertim
1587 1030 1650 1085 eos,
1673 1009 1831 1093 aquibus
1853 1009 1984 1075 Pharao
2000 1010 2058 1077 ille
2079 1031 2166 1075 nova
2187 1011 2281 1076 auxi-

1311 1095 1355 1158 lia
1395 1095 1457 1160 hoo
1486 1095 1557 1176 ipso
1597 1105 1742 1176 tempore
1774 1095 1966 1178 postularet.
1980 1095 2006 1180 ⁴)
2056 1096 2150 1160 Idem
2183 1097 2283 1161 etiam

1312 1180 1608 1263 Argentinensibus
1642 1181 1801 1262 placuisse
1829 1191 1942 1263 postca
1970 1183 2195 1265 cognovimus,
2226 1183 2282 1264 qui

1311 1286 1375 1330 nos
1398 1275 1567 1348 praeterea
1600 1266 1925 1342 commonefecimus,
1963 1267 1990 1331 si
2021 1266 2283 1332 diclombtbccem

1310 1359 1344 1415 et
1363 1350 1444 1417 alios
1467 1350 1633 1435 theologos
1656 1352 1859 1417 Wormatiae
1887 1361 2013 1418 coactos
2034 1353 2284 1418 conveniremus

1310 1445 1345 1500 et
1373 1437 1485 1502 literas
1508 1435 1548 1501 ab
1579 1438 1626 1502 eis
1659 1437 1939 1502 commendatitias
1961 1437 2193 1515 obtineremus,
2215 1439 2283 1504 fore

1310 1532 1348 1586 ut
1369 1541 1407 1589 ea
1428 1544 1481 1587 res
1503 1544 1631 1587 eausam
1644 1532 1790 1589 nostram
1811 1522 1898 1605 apud
1919 1523 2083 1606 principes
2106 1524 2284 1607 plurimum

1311 1607 1491 1673 adiuvaret.
1522 1607 1642 1690 Onusti
1666 1607 1767 1691 igitur
1779 1609 1916 1674 Comitis
1934 1621 1966 1674 et
1989 1610 2284 1694 Argentinensium

1310 1694 1415 1758 literis
1438 1694 1655 1758 Wormatiam
1684 1695 1779 1759 imus.
1825 1692 1978 1758 Occurrit
1998 1695 2035 1758 in
2057 1696 2112 1760 via
2134 1695 2285 1762 Marchio

1311 1780 1471 1844 Bcclensis
1484 1783 1511 1857 ⁵)
1539 1800 1605 1844 non
1633 1781 1679 1843 ita
1706 1778 1833 1863 pridem
1862 1780 2068 1863 evangelium
2099 1782 2283 1863 amplexus,

1311 1864 1352 1929 ad
1376 1886 1471 1947 quam
1494 1865 1592 1929 etiam
1603 1886 1704 1948 quum
1726 1865 1837 1930 literas
1857 1865 2060 1943 haberemus,
2073 1866 2168 1931 libuit
2189 1867 2284 1930 illum

1312 1950 1462 2015 salutare.
1504 1950 1534 2015 Is
1558 1972 1643 2030 vero,
1666 1972 1765 2032 quum
1789 1951 2095 2016 noshnmanissime
2117 1953 2284 2028 audiisset,

1311 2037 1423 2102 literas
1451 2037 1545 2101 nobis
1579 2037 1620 2101 ad
1661 2036 1951 2118 Virtembcrpencem
1984 2034 2074 2101 dedit
2106 2047 2140 2100 et
2175 2039 2285 2103 omnia

1312 2143 1347 2186 se
1375 2121 1514 2186 fratrum
1543 2142 1643 2186 cansa
1671 2122 1834 2190 facturum
1861 2123 2018 2204 promisit.
2069 2121 2154 2188 Inde
2182 2144 2284 2208 quum

1312 2207 1531 2272 Wormatiam
1562 2208 1776 2285 venissemus,
1791 2212 1816 2283 8)
1842 2207 2072 2283 dissensibus,
2095 2216 2129 2273 et
2146 2209 2284 2293 Magda-

1313 2292 1531 2376 burgensibus
1570 2296 1634 2358 iam
1663 2295 1824 2375 profectis,
1855 2294 1897 2358 D.
1929 2294 2115 2377 Philippum
2142 2302 2175 2359 et
2204 2295 2284 2360 alios

1312 2379 1538 2454 salutavimus,
1568 2378 1624 2461 qui
1649 2400 1749 2461 quum
1777 2389 1881 2444 totum
1913 2400 2017 2461 paene
2049 2380 2136 2444 diem
2164 2384 2284 2463 partim

1312 2467 1346 2528 in
1374 2465 1610 2546 colloquutione
1638 2465 1757 2548 partim
1787 2466 1822 2528 in
1848 2466 2023 2548 scriptione
2046 2474 2283 2540 consumerent,

1313 2557 1397 2615 totos
1418 2559 1486 2615 tres
1508 2549 1586 2628 dies,
1610 2549 1751 2614 Domino
1774 2554 1827 2615 (ut
1849 2553 1896 2615 rei
1918 2552 2027 2616 exitus
2048 2552 2216 2632 ostendit),
2239 2552 2284 2615 ita

1313 2636 1514 2718 disponente,
1537 2656 1596 2700 nos
1619 2637 1835 2701 retinuerunt.
1880 2638 1986 2700 Erant
2007 2646 2117 2701 antem
2141 2638 2194 2702 isti
2218 2658 2285 2700 om-

1313 2723 1390 2787 nino
1424 2720 1466 2784 D.
1502 2720 1688 2803 Phiiippus,
1724 2720 1890 2800 Breotius,
1923 2722 2077 2799 Dilierua
2115 2722 2275 2787 Pistoriae

1314 2806 1530 2889 Marpucbiaa,
1559 2808 1716 2881 Andreae,
1746 2805 1898 2890 Karpiaa.
1944 2808 2091 2873 Tandem
2118 2806 2203 2872 facta
2224 2829 2285 2872 no-

1313 2894 1362 2957 bis
1391 2892 1519 2958 dicendi
1548 2901 1717 2974 potestate,
1739 2914 1839 2975 quum
1861 2892 2021 2959 adventus
2042 2895 2148 2958 nostri
2170 2914 2284 2959 causae

1313 2978 1562 3053 intellexissent,
1584 2987 1618 3041 et
1638 2979 1726 3043 inter
1748 3000 1783 3043 se
1805 2979 2032 3044 contulissent:
2058 2979 2156 3059 ,Nos,
2179 2981 2283 3062 inquit

1314 3065 1356 3128 D.
1389 3063 1569 3146 Philippus,
1598 3064 1795 3146 optimorum
1818 3076 1852 3128 et
1873 3064 2117 3130 carissimorum
2145 3066 2283 3130 fratrum

1315 3153 1419 3215 vicem
1441 3172 1482 3214 ex
1504 3151 1613 3215 animo
1643 3149 1789 3215 dolemus
1817 3157 1851 3214 et
1878 3159 2037 3233 quantum
2069 3152 2104 3216 in
2127 3153 2223 3218 nobis
2242 3153 2283 3217 si·

1314 3246 1384 3300 tum
1425 3243 1475 3300 est
1517 3235 1581 3300 illis
1619 3235 1843 3302 laborantibus
1887 3236 2001 3301 adesse
2045 3238 2282 3303 constituimus

1313 3320 1487 3387 Mallemus
1511 3328 1622 3385 umen
1650 3341 1705 3386 eos
1732 3321 1885 3405 privatim
1915 3343 1972 3406 per
1995 3320 2107 3388 domos
2126 3322 2283 3388 duntaxat

1312 3407 1496 3484 convenire,
1524 3427 1628 3489 neque
1660 3406 1744 3470 ullos
1775 3414 1884 3471 coctus
1902 3418 2078 3473 nocturnos
2100 3406 2282 3492 probamus,

1313 3501 1347 3557 et
1375 3492 1461 3574 quod
1494 3490 1535 3557 ad
1567 3511 1703 3558 coenam
1731 3491 1868 3557 Domini
1897 3494 2023 3570 attinet,
2052 3493 2229 3560 suademus
2250 3503 2283 3559 nt

1313 3577 1432 3644 fratres
1458 3579 1514 3660 qui
1540 3577 1607 3644 illic
1629 3587 1705 3644 sunt
1731 3578 1783 3643 vel
1812 3577 1854 3643 ab
1876 3599 2068 3661 enprorsus
2099 3579 2283 3646 abstineant

1314 3663 1365 3729 vel
1386 3665 1421 3729 in
1442 3664 1483 3729 iis
1504 3664 1584 3730 locis
1601 3671 1715 3748 petant
1737 3663 1793 3729 ubi
1810 3664 1911 3730 libere
1932 3673 2041 3748 potest
2062 3685 2100 3730 ao
2122 3665 2208 3731 solet
2228 3664 2281 3732 ad·

1312 3749 1500 3815 ministrari.
1552 3748 1736 3827 Caeterum,
1765 3750 1827 3814 etsi
1855 3751 1949 3816 nobis
1972 3751 2203 3833 persuasimus,
2226 3772 2282 3818 vos

1312 3857 1371 3919 pro
1401 3856 1478 3900 vere
1510 3836 1574 3918 piis
1607 3847 1640 3900 et
1671 3835 1859 3901 christianis
1890 3836 2045 3903 fratribus
2061 3837 2281 3921 interpellare,

1312 3932 1423 3986 tamen
1444 3920 1537 3985 brevi
1557 3922 1666 4004 aliqua
1676 3922 1878 3986 confessione
1894 3923 1987 3988 vobis
2004 3944 2086 4006 opus
2108 3931 2168 4001 est,
2187 3943 2281 4008 quam

1312 4007 1504 4072 adnostros
1537 4008 1699 4090 principes
1720 4008 1899 4086 mittamus,
1933 4017 1969 4073 ut
1995 4007 2120 4092 liquido
2149 4030 2282 4094 cognos-

1311 4100 1397 4172 cant,
1428 4114 1485 4156 nos
1514 4113 1573 4174 pro
1602 4092 1747 4158 eiusdem
1779 4115 1912 4176 prorsus
1941 4093 2108 4177 religionis
2130 4095 2282 4160 fratribus

1312 4179 1487 4261 deprecari.
1522 4179 1608 4242 Nam
1630 4177 1717 4262 quod
1729 4179 1851 4242 'attinet
1871 4179 1912 4243 ad
1930 4179 2101 4245 articulum
2126 4179 2167 4245 de
2185 4201 2282 4246 coena

1312 4264 1455 4341 Domini,
1490 4265 1543 4346 qui
1580 4284 1637 4328 ros
1665 4265 1812 4329 fortassis
1839 4273 2066 4341 remoraretur,
2096 4287 2156 4330 nos
2185 4266 2224 4332 dc
2246 4287 2281 4332 ea

1311 4371 1346 4414 re
1369 4350 1416 4414 ita
1445 4349 1632 4429 scribemus,
1663 4358 1698 4413 ut
1737 4351 1899 4432 principes
1929 4350 2125 4436 intelligant,
2156 4359 2282 4418 nostras

1310 4435 1463 4501 ecclesias
1493 4443 1665 4518 propterea
1693 4434 1840 4501 diversas
1870 4439 2029 4502 avcstris
2052 4458 2119 4503 non
2142 4439 2279 4518 esse-⁷).“

1413 4606 1442 4673 4)
1462 4605 1586 4659 Prirncm
1604 4622 1658 4660 oon
1683 4606 1755 4659 altro
1772 4605 1818 4672 Ac
1834 4613 1985 4661 inimatum
2006 4607 2047 4662 irc
2070 4608 2222 4664 nolenttbus
2242 4609 2282 4662 bic

1309 4693 1373 4745 erpo
1394 4676 1485 4729 Comes
1503 4682 1584 4729 auter
1605 4677 1661 4741 fnit
1677 4676 1786 4729 itineris
1843 4678 2027 4730 ormacicasis.
2064 4677 2155 4732 Novis
2171 4678 2282 4732 auca

1309 4760 1360 4799 ree
1385 4760 1455 4813 opas
1474 4745 1588 4798 bobebot
1605 4750 1701 4799 contro
1719 4743 1869 4812 Hispanos.
1907 4746 1954 4809 (de
1976 4745 2052 4800 Thoti
2070 4747 2109 4800 11.
2128 4745 2188 4800 531.
2212 4747 2281 4800 Bor·

1309 4812 1384 4870 Md
1399 4812 1578 4945 pblaecbblac
1594 4848 1648 4947 H,
1668 4879 1797 4935 Morcbic
1815 4881 1979 4938 Pborecnsie
1996 4897 2018 4937 s.
2036 4882 2226 4939 Durlocencie.

1412 4950 1442 5016 6)
1465 4949 1544 5019 Quod
1563 4949 1669 5014 fectum
1691 4954 1731 5002 cet
1753 4963 1779 5002 o.
1801 4950 1828 5004 d.
1852 4950 1906 5007 IV.
1924 4949 2026 5005 Nonae
2051 4951 2189 5008 Octobres.
2224 4952 2280 5006 Mc

1310 5021 1472 5076 lencbtbene
1495 5020 1566 5073 enim
1592 5024 1656 5072 teste
1673 5018 1743 5084 ipsis
1761 5017 1866 5084 Nonis,
1890 5023 1969 5074 tertio
1991 5027 2054 5087 port
2076 5021 2221 5078 Maeotim
2237 5021 2281 5074 dic

1308 5094 1428 5159 mecum
1446 5089 1529 5210 lepori
1545 5104 1604 5141 cum
1623 5087 1956 5184 tbeolcqieuccprceneiurrt
2186 5160 2192 5173 1
2232 5160 2237 5171 .

1310 5243 1395 5296 mm
1414 5156 1453 5281 {p
1472 5157 1569 5279 2pegiprn
1590 5157 1648 5221 sere
1671 5158 1759 5225 lepisti
1784 5175 1813 5210 m
1831 5173 1871 5226 ep.
1890 5158 2074 5226 tbcoloqerum
2092 5160 2131 5214 ed
2143 5172 2280 5229 parmper
