4754 5880
113 332 150 394 n
950 331 1029 393 nee
1051 327 1284 396 mannan.
1440 380 1443 388 .
1517 304 1527 366 '-
1626 408 1629 416 ,
2072 331 2114 392 ιι

112 519 210 584 terim
232 535 313 602 roga
337 523 375 581 ut
402 534 536 582 eausm
557 514 664 581 fidelis
686 516 774 581 servi
805 516 859 582 sui
886 517 927 582 ab
947 517 1088 583 istorum
1139 515 1355 583 dissimularit
1382 537 1417 583 se
1449 516 1551 581 finisse
1578 516 1640 582 hae
1668 515 1708 582 de
1728 537 1765 582 re
1782 525 1944 600 rogatum.
1984 514 2114 600 lignei

112 603 285 671 mlumniis
313 611 447 670 asserat.
496 602 590 667 Uxor
624 602 736 667 fratris
769 604 872 669 nostri
904 624 926 669 0
951 603 1086 681 Borma,
1138 623 1283 685 possum,
1310 623 1378 668 non
1401 623 1455 668 me
1484 602 1574 669 vinei
1594 603 1709 685 patiar.
1753 603 1918 668 Dominus
1937 599 1992 666 det
2007 605 2115 668 eonsi-

111 689 235 755 mulier
266 698 354 756 00010
383 687 622 765 honestissima,
652 688 744 753 miris
771 689 875 755 modis
893 709 969 754 oum
992 709 1087 772 prae·
1139 691 1220 754 lium
1243 699 1276 753 et
1287 691 1505 754 constantiam
1527 699 1559 753 et
1570 688 1789 770 prudentiam,
1808 688 1926 770 quibus
1944 688 2115 753 hominnm

111 776 197 841 senti
231 783 336 840 morte
363 775 549 840 eonflietata
579 774 613 837 in
642 783 748 855 partu,
776 795 867 840 nune
889 775 953 840 Dei
982 775 1089 858 gratia
1139 775 1306 858 iniquitati
1346 777 1499 840 resistere
1531 776 1662 858 possim.
1715 773 1804 839 Sunt
1835 776 1889 856 qui
1923 774 2116 839 existiment

111 860 303 927 meliusnule
325 860 425 925 habet
446 880 546 943 seque
568 860 635 923 tuis
660 860 813 941 preeibus
830 861 1046 926 eommendat.
1060 863 1087 934 ⁸)
1140 861 1362 926 adversariam
1385 880 1517 926 eausam
1539 860 1635 926 valde
1658 862 1789 945 gravari
1811 881 1914 943 posse,
1937 859 2115 924 aihabeam

111 945 206 1013 Idem
236 967 306 1030 ego,
338 945 385 1010 mi
414 954 516 1028 pater,
535 966 555 1011 0
576 955 609 1010 te
630 965 829 1030 magnopere
851 956 935 1030 peto,
958 957 993 1011 et
1014 964 1088 1011 mea
1140 947 1183 1011 ad
1204 968 1338 1011 manum
1352 967 1548 1029 prooeseum‚
1567 967 1664 1029 quem
1683 953 1810 1022 venant,
1826 945 2115 1029 Glondia'nothi.⁴)

111 1033 214 1099 etiam
236 1053 320 1098 uxor
331 1028 519 1096 valetudine
537 1028 634 1096 valde
646 1031 789 1115 aneipiti.
824 1030 1088 1113 0101010ρή000,
1142 1030 1187 1098 Se
1220 1031 1397 1098 adversarii
1431 1033 1624 1115 iugularunt
1652 1031 1737 1114 quod
1765 1032 1897 1095 nomine
1919 1031 2019 1095 huius
2040 1052 2115 1113 pro·

113 1118 271 1196 reatum,
293 1117 496 1197 Brennum,
517 1116 733 1199 Hebrannnt)
751 1128 785 1182 et
805 1127 949 1184 eaeteros
971 1119 1089 1182 fratres
1142 1139 1252 1184 eeseus
1280 1118 1399 1183 fietitia
1424 1118 1584 1200 quaedam
1613 1120 1735 1201 scripta
1754 1129 1788 1181 et
1804 1116 1885 1182 falsa
1908 1115 2116 1197 protulerunt

111 1225 193 1289 rogo
222 1215 260 1269 ut
288 1202 524 1268 officiosissime
552 1202 633 1267 mihi
663 1202 793 1268 salutes.
836 1202 1018 1269 Dominum
1036 1204 1089 1268 Ie·
1142 1205 1178 1268 in
1206 1203 1370 1280 iudieium‚
1406 1224 1543 1286 quorum
1580 1205 1661 1268 mihi
1691 1203 1892 1284 exemplaria
1930 1201 2116 1269 adiudicata

111 1311 186 1357 eum
210 1310 326 1373 preeor
348 1298 384 1353 ut
405 1309 465 1354 nos
487 1309 601 1354 omnes
622 1289 776 1373 respiciat
797 1296 830 1354 et
852 1300 894 1368 te,
917 1292 963 1353 mi
983 1297 1088 1372 pater,
1143 1300 1228 1356 sunt
1266 1290 1318 1354 ru
1347 1289 1423 1355 vide
1454 1308 1497 1354 an
1526 1289 1696 1372 expediat:
1726 1300 1760 1353 et
1788 1289 1817 1353 si
1848 1287 1923 1371 quid
1954 1303 2005 1352 est
2025 1288 2114 1353 aliud

111 1376 268 1442 eoelesiae
290 1395 368 1440 suae
386 1375 514 1439 salvum
532 1382 566 1440 et
583 1374 778 1441 ineolumem
797 1386 913 1441 servet.
941 1376 1090 1440 Lauaan-
1142 1396 1205 1458 quo
1234 1376 1355 1459 possim
1388 1375 1514 1441 laeilius
1547 1375 1743 1459 redarguere
1771 1394 1882 1440 eoram
1914 1373 2114 1440 Bernatibus

111 1482 175 1527 nae
202 1467 249 1526 19.
272 1460 455 1526 Februarii.
1142 1460 1403 1527 adversariorum
1416 1459 1662 1544 impudentiam,
1685 1459 1857 1526 mendaoia
1878 1469 1913 1524 et
1933 1459 2114 1525 ealumnias

1141 1568 1276 1630 quaese
1298 1549 1369 1629 ipsa
1390 1568 1448 1631 per
1469 1568 1504 1613 se
1526 1548 1606 1612 satis
1629 1549 1812 1611 revincunt.
1842 1544 1909 1611 Sed
1932 1545 2014 1609 nihil
2037 1566 2114 1612 nos·

1141 1643 1194 1698 tra
1215 1655 1257 1698 ex
1274 1644 1368 1715 perte
1390 1634 1490 1698 nimis
1512 1634 1599 1698 elare
1617 1642 1651 1697 et
1672 1632 1882 1697 manifestum
1905 1652 1976 1696 esse
1999 1641 2113 1713 potest.

1140 1720 1254 1785 Primo
1277 1719 1390 1783 Martii
1409 1719 1460 1784 die
1478 1718 1619 1783 aderunt
1640 1718 1824 1783 Beruenses
1842 1718 1974 1782 iudiees.
2008 1714 2114 1799 Spero

1141 1806 1268 1870 interea
1306 1805 1398 1870 litem
1438 1825 1545 1869 meam
1584 1805 1669 1886 apud
1702 1803 1826 1868 iudioes
1858 1804 2114 1869 Lausenuenses

1141 1888 1327 1956 finiendam.
1369 1890 1532 1956 Misissem
1551 1889 1592 1954 ad
1610 1902 1642 1954 te
1667 1890 1833 1971 exemplar
1851 1889 1964 1971 seripti
1986 1910 2114 1971 prooes-

1141 1999 1197 2042 sua
1222 1978 1355 2042 nomine
1381 1977 1420 2041 ab
1443 1976 1639 2041 adversariis
1668 1975 1825 2057 produeti,
1849 1979 1878 2039 si
1895 1975 2035 2040 exseribi
2056 1997 2114 2057 po-

1139 2063 1264 2129 tuisset.
1295 2061 1364 2128 Sed
1381 2063 1451 2127 eius
1463 2083 1527 2126 non
1545 2062 1592 2126 ita
1605 2062 1731 2144 pridem
1742 2060 1824 2125 mihi
1841 2063 1933 2143 eopia
1950 2061 2036 2125 faeta
2054 2070 2113 2127 est.

1140 2148 1317 2230 (lampater
1328 2147 1482 2223 Ennius,
1500 2149 1557 2230 qui
1568 2148 1717 2231 perlegit,
1735 2167 1898 2212 summam
1916 2161 1949 2210 et
1966 2146 2115 2211 ordinem

1139 2234 1229 2298 illius
1250 2236 1377 2299 referet.
1412 2235 1511 2298 Mitto
1534 2233 1575 2298 ad
1596 2244 1629 2297 te
1653 2232 1776 2298 Farelti
1794 2233 1945 2314 literas⁶)
1969 2253 2050 2314 quas
2072 2231 2114 2295 ad

1141 2330 1175 2385 te
1196 2321 1328 2384 mittere
1350 2320 1470 2385 oblitus
1492 2330 1542 2384 est
1557 2319 1646 2384 Bere
1663 2329 1784 2394 noster,
1808 2319 1913 2401 quite
1936 2317 2114 2401 plurimum

1141 2405 1272 2470 salutat
1325 2404 1481 2471 Salutant
1510 2417 1541 2469 te
1570 2426 1654 2469 uxor
1681 2415 1714 2468 et
1737 2405 1843 2468 nostri
1865 2425 1978 2469 omnes
2000 2424 2113 2467 aman-

1142 2492 1274 2557 tissime.
1313 2490 1463 2557 Salutem
1481 2492 1619 2556 multam
1643 2489 1713 2556 dieo
1735 2491 1856 2555 amieis.
1885 2490 1969 2554 Vale
1991 2491 2113 2572 optime

1141 2599 1179 2643 ee
1208 2578 1398 2643 diutissime.
1444 2576 1546 2641 Valde
1580 2577 1675 2658 eupio
1705 2587 1736 2640 te
1758 2575 1871 2640 videre
1893 2585 1926 2640 et
1948 2575 2112 2657 ampleeti,
2167 2643 2171 2653 ,

1142 2663 1199 2727 sed
1227 2663 1319 2728 vides
1350 2663 1467 2745 quibus
1499 2664 1623 2729 eatenis
1651 2663 1811 2739 retinear,
1845 2683 1925 2744 quas
1954 2662 2054 2739 brevi,
2077 2672 2114 2725 ut

1141 2760 1247 2831 spero,
1275 2750 1437 2814 Dominus
1465 2748 1578 2813 solvet.
1620 2747 1658 2813 si
1680 2747 1757 2830 quid
1781 2749 1908 2813 habetis
1930 2745 2017 2830 quod
2039 2767 2114 2811 nos-

1140 2843 1193 2900 tra
1210 2856 1270 2901 nos
1293 2836 1376 2900 seire
1394 2834 1523 2910 referat,
1546 2835 1597 2899 lae
1615 2855 1675 2899 nos
1686 2834 1850 2900 certiores.
1878 2833 1962 2897 Vale
1984 2835 2113 2898 iterum.

1141 2921 1340 2986 Lansannae
1358 2925 1408 2986 20.
1432 2921 1552 2985 Febru.
1580 2924 1670 2985 1556.

1634 3058 1725 3121 Tuus
1746 3056 1866 3121 Petrus
1884 3055 2027 3122 Viretus.

630 1571 690 1668 Th.
709 1604 799 1668 Bene

331 1687 418 1754 filius
439 1687 500 1753 tibi
522 1691 556 1754 in
579 1688 711 1756 (lhristo
736 1689 814 1754 Iesu
837 1687 1086 1754 addietissimus.

551 2250 653 2320 2394.

382 2404 583 2473 VIRETUS
609 2404 828 2472 GALVINO.

200 2574 341 2642 Pertinet
362 2582 424 2643 tota
446 2579 489 2643 ad
509 2597 640 2644 oensem
669 2577 823 2643 Vendetii.

231 2748 288 2814 (Ex
305 2750 474 2818 autographo
492 2749 645 2803 Geueveusi
663 2749 727 2804 cod.
746 2748 818 2815 111¹,
835 2748 881 2802 tol.
899 2747 972 2815 194.)

197 2918 331 2985 Eximio
365 2919 492 2985 Ohristi
519 2941 616 2987 servo
644 2920 761 2986 Ioanni
785 2918 922 2987 (lalviuo
944 2919 1010 2986 fido
1034 2942 1086 2988 00-

114 3004 229 3070 elesiae
252 3004 458 3072 Geneveueis
475 3009 598 3090 pastori
620 3007 714 3072 fratri
737 3017 770 3071 et
792 3014 995 3090 symmystae
1012 3008 1087 3089 plu·

113 3091 233 3155 rimam
256 3089 467 3157 observando.

832 3178 999 3244 Genevae.

197 3348 233 3413 S.
258 3348 427 3433 intelliges
445 3372 485 3414 ex
509 3349 678 3414 tabellario
707 3371 769 3432 quo
789 3350 825 3414 in
843 3360 931 3415 statu
953 3348 1086 3414 Vande-

113 3431 214 3498 linam
251 3454 384 3500 eausam
396 3438 420 3506 1)
442 3436 625 3518 reliquerit.
673 3434 786 3516 Quare
815 3456 854 3500 ea
881 3436 922 3500 de
943 3456 978 3499 re
1000 3435 1086 3500 nihil

112 3518 251 3584 soribam
268 3520 418 3603 amplius
453 3520 625 3586 Conantur
647 3521 826 3586 adversarii
849 3541 929 3604 quas
949 3534 1088 3601 possunt

113 3605 266 3670 tenebras
292 3606 469 3685 offundere,
497 3629 558 3673 nee
581 3605 700 3672 desunt
720 3607 852 3689 patroni
873 3608 928 3689 qui
945 3604 1087 3672 libenter

113 3690 218 3755 malae
240 3712 358 3757 eausae
380 3693 530 3757 faverent
551 3693 662 3776 siqua
683 3693 818 3758 daretur
839 3692 972 3757 oeeasio.
1006 3693 1087 3756 Nul-

114 3775 161 3841 lae
183 3778 383 3842 omittuntur
404 3779 700 3863 tergiversationes.
741 3778 807 3844 sed
829 3779 913 3842 nihil
931 3788 980 3842 est
1001 3778 1085 3860 quod

1577 3725 1676 3794 etet.

113 3882 163 3927 me
198 3865 306 3947 magis
338 3874 439 3947 angat
482 3886 581 3947 quam
619 3866 771 3949 cogitatio
804 3864 1086 3948 oppugnationum

113 3947 228 4030 quibua
250 3951 473 4034 oppugnabor‚
496 3961 533 4015 ut
554 3951 661 4033 patiar
682 3972 735 4016 me
746 3948 864 4016 adduci
884 3949 926 4015 ad
945 3951 1085 4015 amicam

114 4033 254 4117 aliquam
272 4035 541 4102 eoneiliationem.
554 4040 582 4111 2)
616 4034 776 4117 Quamvis
794 4036 877 4100 mihi
895 4056 959 4100 non
978 4034 1086 4100 desint

106 4122 256 4192 ,rationes
278 4122 503 4203 aequissimae,
527 4122 644 4205 quibus
665 4123 757 4187 illam
778 4121 997 4186 conditionem
1015 4122 1086 4184 iure

114 4207 236 4288 optimo
249 4227 398 4272 reeusare
421 4228 547 4289 queam.
582 4208 709 4273 Verum
731 4216 768 4272 tu
790 4208 875 4272 nosti
893 4206 1085 4289 quibuscum

114 4292 205 4356 uobis
239 4312 292 4357 res
315 4295 372 4358 sit.
426 4293 606 4359 Nonniacus
624 4294 681 4376 qui
709 4292 892 4359 Wetteviltii
913 4313 1014 4376 gener
1036 4299 1086 4357 est

122 4375 292 4443 Vandetino
323 4388 355 4442 et
385 4380 502 4445 affinis.
543 4380 649 4443 Duxit
671 4381 759 4444 enim
788 4378 983 4444 Vandelinus
1003 4399 1086 4442 uxo-

114 4482 181 4526 rem
213 4462 368 4529 1100100·
397 4486 551 4530 sororem.
565 4468 591 4544 ³)
636 4465 701 4530 Hie
729 4466 796 4529 iam
814 4465 896 4528 mihi
918 4463 1019 4530 verba
1040 4464 1085 4527 fe·

115 4548 156 4612 eit
175 4547 216 4614 de
237 4550 463 4632 eomponenda
484 4552 587 4617 amiee
609 4549 670 4616 hae
699 4550 764 4626 lite,
778 4550 934 4643 quamvis
957 4551 1086 4634 egregie

214 4838 244 4903 8)
269 4839 337 4894 Vide
352 4839 437 4921 infra.
474 4839 511 4895 N.
528 4839 606 4902 2411,
625 4846 680 4895 not.
699 4841 725 4922 1.Ι
766 4910 772 4921 Ι
829 4910 834 4921 Ι

116 4908 232 5033 aul
262 4906 785 5045 ιιιιιιιιι.11110021*1ιο
801 4908 880 4963 ’⁸⁰¹³‘

214 5045 245 5111 2)
264 5044 310 5100 De
399 5047 434 5112 ef.
451 5047 529 5112 infra
547 5046 586 5101 N.
603 5044 681 5099 2411.

214 5114 246 5181 9)
263 5062 440 5170 1101224010
456 5131 554 5170 nornen
571 5124 632 5170 erat
639 5116 755 5197 Ι0010000
771 5117 866 5185 pentir.
898 5115 974 5169 Teste
984 5114 1087 5184 Gats'ffe

115 5181 271 5309 §imag
296 5183 317 5238 l.
344 5181 389 5249 80)
417 5184 496 5240 Petri
526 5184 655 5240 Vandalis
685 5201 756 5239 neor
788 5191 848 5238 erat
874 5183 1022 5240 Antlorde
1054 5183 1088 5238 de

1380 3894 1614 3962 OALVINUS
1637 3895 1871 3961 ZERKIN'PI.

1224 4066 1302 4150 Apte
1334 4067 1371 4131 de
1403 4068 1519 4150 0000110
1546 4067 1717 4132 renovandi
1737 4067 1872 4148 foederis
1893 4066 1973 4130 inter
1994 4070 2112 4131 utrant-

1139 4172 1197 4233 qne
1226 4155 1386 4230 civitatem,
1417 4173 1480 4234 qna
1508 4156 1663 4218 ooeaeione
1688 4151 1878 4217 Gennanates
1898 4153 2017 4215 iustam
2039 4171 2114 4232 qne-

1138 4239 1278 4303 0010000
1299 4259 1428 4305 censam
1450 4237 1561 4303 taem
1583 4241 1721 4317 ostendit,
1743 4238 1840 4302 simnt
1861 4257 1956 4318 qnam
1978 4239 2114 4321 enipeus

1139 4325 1207 4405 ipse
1228 4330 1337 4407 partes
1364 4326 1398 4389 in
1426 4324 1518 4388 retus
1533 4325 1671 4406 pnbliets
1692 4325 1864 4389 tractandis
1886 4328 1959 4406 aqut
1979 4324 2112 4406 exponit.

1141 4494 1324 4564 (Deseriptom
1347 4496 1508 4564 praebemus
1532 4513 1566 4548 ex
1589 4495 1729 4548 Iourilloei
1756 4493 1903 4562 exemplari
1927 4493 1992 4547 (lod.
2011 4493 2112 4547 Gener.

1141 4563 1214 4628 1072,
1237 4561 1362 4626 101124,
1385 4565 1445 4617 0011.
1464 4580 1524 4616 0οι0
1543 4565 1737 4618 Turretiniano
1755 4564 1818 4618 eod.
1839 4561 1896 4628 108,
1920 4564 1966 4616 tol.
1985 4561 2027 4629 62,
2046 4563 2113 4616 Ber·

1140 4634 1217 4686 neusi
1241 4649 1301 4702 epp.
1320 4632 1367 4687 Vl.
1405 4673 1413 4688 .
1431 4631 1482 4685 624
1506 4641 1535 4685 et
1552 4633 1712 4687 Simleriauo
1731 4632 1793 4685 Vol.
1811 4632 1854 4685 86.
1872 4661 1903 4671 —
1923 4632 2113 4685 1101001100-

1140 4702 1277 4771 deahsgen
1305 4719 1331 4771 p.
1412 4741 1417 4752 .
1461 4703 1696 4837 Angliofflrgrsse)
1714 4701 1814 4770 legitur
1848 4702 1876 4753 iu
1905 4702 1978 4754 Edit.
2006 4701 2112 4754 Philad.

1241 5044 1272 5112 4)
1291 5043 1394 5099 Gnade
1411 5043 1444 5098 de
1462 5043 1568 5099 (ream
1584 5043 1626 5098 dn
1648 5044 1672 5097 te
1689 5041 1822 5109 Benene,
1846 5042 1980 5111 supplicae
1997 5044 2112 5110 effeetus

1140 5132 1164 5168 0.
1184 5113 1260 5168 1525.
1292 5111 1352 5236 ᾖ).
1370 5113 1402 5166 N.
1419 5111 1489 5166 2241)
1506 5120 1530 5167 et
1547 5129 1617 5183 seqq.
1636 5111 1723 5177 2329.)

1242 5183 1273 5246 ὃ)
1320 5184 1437 5237 minaeis
1460 5198 1506 5236 ees
1529 5198 1599 5252 qaas
1621 5198 1708 5250 supro
1743 5180 1776 5234 N.
1793 5179 1870 5245 2999,
1891 5186 1945 5234 not
1967 5177 1995 5244 9)
2020 5179 2111 5247 deper-

1140 5254 1214 5307 ditos
1230 5267 1286 5306 esee
1303 5254 1438 5320 mspioatr'
1453 5267 1556 5318 ronne,
1573 5251 1707 5321 eclipses
1776 5252 1839 5303 otae
1857 5249 2017 5302 0001100100.
