4754 5880
986 332 1064 394 tcto
1087 329 1228 396 MART.
1530 286 1533 297 Ι
2068 337 2112 398 54

554 514 651 586 24111.

195 666 432 737 ΟΛΙιῊΝΠΒ
466 668 708 736 ΜῙΝΙΒΤΒΙΒ
742 670 1010 738 assuetos-

477 772 721 840 DENSIBUS.

201 944 290 1008 lator
311 964 362 1008 eos
381 948 409 1009 ot
429 946 629 1024 semipsum
649 946 800 1026 optimam
821 964 1003 1010 oenomaum
1024 966 1089 1012 caea

116 1035 210 1095 ratus
236 1050 286 1096 coa
308 1030 350 1095 od
372 1030 507 1096 amicam
527 1050 598 1095 cam
619 1030 780 1097 maditus
801 1032 996 1097 concordiam
1016 1031 1089 1097 tor·

115 1120 212 1194 aaa,
241 1121 269 1180 at
294 1117 323 1180 ci
356 1116 432 1197 qaid
453 1116 489 1180 ia
509 1136 544 1180 rc
573 1117 821 1183 armamentario
842 1117 971 1184 claudii
991 1117 1090 1199 (aaa

114 1205 150 1265 ut
171 1203 207 1266 ic
225 1201 349 1282 pactae
367 1206 567 1284 componatur
588 1208 680 1284 optat.

115 1373 172 1435 (Ex
196 1374 264 1424 sctis
288 1374 350 1426 eccl.
371 1372 475 1426 ffiancf.
495 1371 570 1425 Tom.
589 1373 620 1425 V.
644 1391 671 1441 p.
689 1372 740 1427 203
757 1391 799 1441 sq.
821 1375 849 1427 in
871 1380 994 1428 nostrum
1012 1392 1089 1429 usum

116 1441 260 1507 descripsit
279 1442 331 1494 Vir
356 1442 421 1493 clar.
442 1441 474 1494 G.
492 1442 543 1494 Ed.
561 1441 656 1504 Steita,
674 1443 707 1496 V.
724 1444 758 1497 D.
777 1443 813 1496 M.
836 1443 864 1496 in
887 1446 954 1498 urbe
974 1445 1090 1498 Franco·

115 1511 213 1563 ferdia⁴
248 1511 343 1562 Edidit
366 1511 430 1563 olim
455 1509 525 1563 Besa
542 1511 608 1564 Gan.
631 1529 657 1581 p.
676 1509 735 1576 lto,
759 1512 838 1565 Laus.
857 1530 882 1576 p.
901 1511 960 1579 367,
985 1514 1090 1567 Hanov.

116 1596 144 1647 p.
162 1577 223 1645 411,
242 1580 347 1634 Chcuet
364 1596 390 1647 p.
409 1577 470 1648 237,
489 1581 577 1632 Amat.
597 1597 622 1649 p.
643 1579 702 1633 109.
736 1580 807 1633 Item
826 1581 923 1651 Rittcr,
941 1599 982 1635 er.
999 1583 1090 1635 Denk·

117 1647 190 1701 mehl
214 1649 264 1701 der
282 1649 321 1701 St.
339 1648 413 1702 srkt.
431 1666 457 1717 p.
475 1646 534 1701 314.
571 1648 673 1702 Gallice
695 1656 785 1702 exstat
807 1651 835 1702 in
859 1650 901 1704 ed.
920 1652 1011 1705 Berol.
1030 1649 1089 1713 237,

351 1717 456 1786 anglice
473 1718 501 1769 iu
519 1717 562 1769 ed.
583 1718 684 1771 Philad.
703 1719 757 1772 111.
777 1717 850 1784 254.)

116 1888 270 1953 Eximiae
296 1889 426 1971 pietatis
453 1897 486 1953 et
507 1889 674 1954 doctrinae
702 1890 783 1954 viris
812 1890 965 1955 ecclesiae
987 1891 1090 1956 Fran-

117 1975 310 2040 cofurtensis
346 1975 530 2057 pastoribus
570 1977 764 2059 symmystis
804 1985 836 2040 et
868 1976 1024 2042 fratribus
1056 1979 1091 2042 in

402 2061 535 2126 Christo
562 2061 808 2127 colendissimis.

203 2233 238 2298 S.
262 2233 336 2297 Etsi
353 2232 552 2298 literismeis
564 2235 704 2318 gratiam
723 2232 810 2316 apud
831 2255 890 2299 vos
912 2255 978 2298 non
996 2233 1092 2299 modo

1139 517 1225 604 legio
1260 524 1370 584 restro
1410 518 1518 584 minus
1550 518 1679 601 placere
1711 540 1793 603 quae
1827 519 1866 586 de
1896 520 2112 588 sacramentis

1140 604 1242 683 trado,
1265 614 1472 670 antevertere
1493 605 1603 669 visum
1623 613 1681 682 est,
1705 627 1746 670 ne
1768 606 1845 688 quid
1868 605 1995 672 dissidii
2016 607 2113 673 silen-

1140 691 1185 754 tio
1214 710 1287 754 meo
1311 690 1364 755 rel
1391 689 1650 756 dissimulatione
1671 689 1827 757 foverem.
1870 691 1969 757 Certe
1987 706 2024 757 nt
2046 714 2111 757 non

1140 776 1280 841 libenter
1308 798 1360 840 me
1386 775 1533 854 obtrudo,
1562 778 1609 841 ita
1635 778 1662 842 si
1686 776 1846 860 quispiam
1869 786 2017 843 vestrum
2038 773 2127 843 mea

1142 861 1289 927 doctrina
1317 861 1503 939 offenditur,
1525 862 1616 926 nulle
1639 861 1679 926 ad
1702 884 1775 927 eum
1799 863 1997 945 placandum
2016 865 2112 930 satis-

1140 947 1292 1014 factionis
1321 949 1403 1012 ratio
1432 969 1522 1012 ame
1545 948 1738 1033 negligetur.
1780 946 1876 1029 Quod
1899 949 1928 1014 si
1945 948 1987 1012 ad
2009 951 2112 1014 offen·

1140 1033 1247 1098 siones
1281 1032 1443 1098 tollendas
1475 1033 1564 1098 utilis
1596 1053 1670 1098 mea
1702 1033 1743 1098 ad
1777 1055 1833 1098 vos
1861 1034 2016 1117 profectio
2041 1055 2112 1100 esse

1141 1119 1322 1196 videbitur,
1352 1120 1503 1201 quamvis
1536 1118 1669 1203 longum
1699 1128 1731 1184 at
1753 1119 1996 1186 incommodum
2029 1128 2115 1186 esset

1141 1205 1213 1282 iter,
1236 1204 1320 1269 nihil
1343 1214 1454 1268 tamen
1472 1204 1639 1269 molestiae
1661 1225 1784 1270 recuso.
1820 1205 1903 1269 Nam
1928 1227 2029 1288 quum
2050 1206 2113 1271 hoc

1142 1291 1287 1354 studium
1315 1300 1447 1355 sanctae
1476 1292 1563 1355 iuter
1590 1312 1649 1355 nos
1677 1291 1868 1356 concordiae
1896 1291 1979 1356 mihi
1997 1290 2113 1356 debere

1143 1374 1271 1440 videor:
1295 1382 1366 1440 tum
1389 1396 1468 1441 vero
1486 1377 1562 1458 quia
1585 1375 1805 1457 amplissimus
1827 1386 1962 1442 senatus
1985 1398 2115 1443 summa

1142 1461 1348 1526 humanitate
1383 1461 1526 1526 oblatam
1562 1462 1622 1526 sibi
1659 1461 1862 1545 dicatamque
1897 1463 2115 1527 Harmoniam

1143 1547 1314 1629 amplexus
1336 1558 1394 1621 est,
1418 1547 1585 1630 literisque
1603 1555 1751 1625 testatus,
1761 1550 1788 1627 ⁶)
1809 1549 1871 1613 sibi
1917 1557 2025 1613 ratum
2042 1570 2115 1612 mu·

1143 1655 1207 1698 nus
1235 1632 1336 1697 fuisse
1364 1653 1402 1697 ao
1427 1631 1617 1709 iucundum,
1646 1633 1692 1697 ita
1719 1654 1772 1698 me
1803 1633 1865 1697 sibi
1894 1570 2056 1711 devinxit,
2079 1642 2116 1698 ut

1143 1719 1204 1784 hoc
1237 1739 1296 1783 suo
1330 1719 1447 1783 merito
1481 1740 1500 1782 a
1534 1739 1587 1782 mo
1619 1719 1761 1784 officium
1791 1720 1923 1803 exigere
1956 1718 2114 1785 videatur.

1142 1804 1255 1886 Neque
1289 1815 1355 1869 tam
1381 1825 1453 1868 mea
1483 1824 1580 1869 causa
1602 1804 1724 1882 laboro,
1748 1825 1844 1886 quam
1868 1815 1905 1868 ut
1926 1806 2117 1889 peregrinos

1143 1891 1260 1954 fratres
1290 1889 1408 1972 quibus
1437 1889 1614 1972 hospitium
1646 1891 1808 1954 Dominus
1836 1892 1870 1954 in
1897 1890 1977 1955 urbe
2004 1900 2117 1956 vestra

1143 1976 1311 2055 concessit,
1345 1976 1472 2041 sincera
1506 1975 1677 2041 dilectione
1709 1976 1961 2060 amplectamini.
2008 1976 2117 2041 Audio

1143 2062 1279 2140 enim,⁷)
1312 2061 1421 2127 nescio
1454 2061 1532 2144 quid
1565 2062 1672 2125 litium
1706 2072 1738 2125 et
1765 2063 1949 2127 vexationis
1971 2071 2117 2127 metuere

1144 2147 1228 2229 quod
1251 2168 1362 2212 eorum
1384 2148 1525 2229 quietem
1548 2148 1726 2229 perturbet.
1756 2148 1860 2212 Porro
1884 2169 1983 2229 quum
2007 2148 2117 2213 sciatis

1145 2241 1272 2315 partem
1302 2234 1335 2297 vi
1365 2244 1398 2297 et
1427 2233 1602 2332 tyrannide
1625 2233 1767 2298 hostium
1788 2232 1910 2298 Christi
1933 2234 2039 2316 patria
2060 2254 2117 2298 ex-

117 2319 207 2382 nulla
237 2320 374 2385 interior
401 2320 605 2384 necessitudo
617 2324 641 2397 ¹)
670 2317 727 2385 sed
757 2339 798 2383 ne
827 2318 999 2385 mediocris
1021 2322 1091 2403 qui·
1143 2319 1273 2402 pulsam
1295 2318 1336 2382 ad
1358 2339 1419 2383 vos
1437 2340 1607 2402 migrasse,
1630 2328 1756 2401 partem
1780 2340 1867 2396 vero,
1891 2329 1929 2382 ut
1951 2319 2118 2384 vobiscum

118 2405 190 2470 dem
215 2406 332 2469 notitia
361 2406 520 2482 conciliat,
549 2404 730 2470 venerandi
759 2412 793 2470 et
826 2403 934 2471 dilecti
959 2406 1093 2474 batres:
1143 2425 1259 2485 puram
1283 2402 1406 2469 Ohristi
1424 2405 1521 2469 fidem
1539 2406 1757 2487 profiteretur,
1770 2405 1957 2469 voluntario
1975 2425 2011 2469 sa
2033 2406 2118 2468 exsi-

117 2491 261 2555 fratarna
291 2500 400 2554 tamen
436 2492 630 2570 coniunctio,
662 2512 745 2573 quae
778 2490 850 2555 iure
879 2492 1053 2557 ministerii
1063 2496 1091 2570 ²)
1144 2490 1188 2554 lio
1210 2490 1384 2555 multasse:
1415 2498 1569 2573 quantam
1582 2494 1608 2572 Β)
1632 2490 1705 2554 aliis
1729 2491 1846 2554 misera
1876 2511 1936 2554 sua
1965 2488 2117 2568 conditio,

117 2577 204 2641 inter
230 2597 291 2641 nos
319 2588 431 2640 mutuo
455 2578 567 2661 vigere
590 2577 694 2653 debet,
718 2577 798 2641 satis
821 2575 862 2640 ad
884 2575 1092 2642 scribendum
1144 2577 1217 2641 aliis
1255 2584 1406 2659 prompta
1439 2576 1480 2641 ad
1520 2575 1722 2658 sequendum
1755 2576 1925 2641 Christum
1966 2576 2118 2641 alacritas

118 2662 270 2727 fiduciam
280 2665 306 2740 3)
320 2663 398 2726 dare
410 2665 479 2726 visa
492 2675 550 2738 est,
572 2671 610 2727 ut
620 2665 754 2727 minime
777 2662 922 2728 dubitem
944 2671 1092 2746 apertam
1145 2663 1284 2746 gratiam
1312 2662 1485 2728 conciliare
1516 2661 1640 2736 debeat,
1670 2660 1755 2743 apud
1784 2683 1841 2726 vos
1870 2660 2030 2726 disserere
2063 2681 2117 2724 su·

118 2748 197 2812 mihi
220 2749 289 2813 fore
310 2750 454 2825 ianuam,
488 2757 524 2813 ut
546 2750 680 2814 comiter
702 2757 812 2814 vestra
834 2758 867 2812 et
889 2770 954 2830 qua
975 2759 1091 2830 optan-
1144 2748 1421 2830 pervacaneumt)
1445 2749 1537 2813 foret.
1582 2748 1653 2812 Imo
1677 2749 1702 2811 si
1733 2768 1815 2829 quae
1838 2748 1871 2811 in
1894 2748 1973 2831 ipsis
1992 2745 2118 2812 deside·

119 2834 194 2897 dum
225 2843 275 2898 est
300 2835 550 2900 mansuetudine
573 2836 725 2916 excipiar.
771 2834 887 2917 Nuper
909 2855 1008 2915 quum
1032 2833 1091 2898 sub
1144 2833 1233 2911 rotis,
1252 2843 1291 2897 ut
1301 2835 1384 2897 forte
1403 2856 1457 2898 eos
1480 2833 1548 2898 suis
1571 2833 1660 2897 vitiis
1672 2833 1820 2897 laborare
1832 2832 1986 2897 credibile
2009 2832 2119 2913 est,¹⁰)

120 2921 310 3000 amplissimi
323 2931 457 2985 senatus
474 2922 576 2985 vestri
600 2922 730 2985 nomine
752 2940 825 2984 mea
846 2921 880 2982 in
902 2922 1093 2985 tresEvan·
1145 2920 1240 2983 rania
1264 2929 1374 2983 tamen
1395 2928 1426 2983 et
1445 2919 1599 2983 facilitate
1622 2918 1871 2983 scitisferendos
1889 2940 1968 2983 esse.
2003 2917 2118 2982 Potius

120 3006 250 3089 gelistas
280 3007 452 3070 harmonia
476 3008 563 3070 edita
592 3016 651 3083 ast,
679 3007 853 3088 quominus
875 3004 967 3070 vobis
990 3008 1091 3088 scrip·
1144 3026 1339 3086 veroquam
1362 3013 1401 3068 ut
1419 3005 1454 3068 in
1478 3015 1641 3070 certamen
1653 3014 1802 3085 crumpat
1824 3004 1852 3067 si
1875 3025 1939 3085 qua
1960 3003 2119 3068 hactonus

121 3094 226 3166 serito,
250 3092 326 3174 quid
346 3100 477 3174 practer
498 3093 657 3174 pudorem
676 3091 838 3156 obstiterit
860 3093 978 3156 nescio.
1024 3092 1092 3155 Vix
1144 3091 1270 3156 occulta
1287 3093 1348 3154 luit
1370 3091 1529 3167 simultas,
1554 3110 1762 3173 quascunque
1786 3089 1864 3153 mihi
1884 3098 1992 3172 partes
2014 3088 2117 3171 impo-

120 3180 203 3241 enim
239 3198 383 3259 unquam
414 3180 476 3242 nisi
514 3180 705 3242 necessitate
736 3186 866 3243 coactus
894 3177 933 3241 ad
964 3179 1091 3261 ignotos
1144 3199 1221 3240 nere
1247 3176 1373 3255 voletis,
1404 3177 1567 3258 suscipere
1590 3184 1723 3258 paratus
1752 3197 1833 3240 sum.
1879 3175 1975 3240 Certe
1998 3175 2037 3238 ad
2061 3195 2119 3257 pa·

120 3264 258 3328 scribere
275 3263 372 3328 soleo.
406 3264 541 3346 Ignotos
560 3274 668 3328 autem
682 3284 770 3337 voco,
785 3272 1091 3345 nequemvestrum
1144 3263 1359 3327 cificationem
1393 3263 1541 3345 utrisque
1566 3260 1649 3325 fidus
1679 3283 1808 3344 semper
1836 3282 1890 3325 ero
1915 3269 1948 3324 et
1970 3260 2118 3324 hortator

119 3349 263 3413 offendat
288 3348 381 3413 verbi
410 3351 577 3431 asperitas,
606 3350 800 3432 quibuscum
821 3348 991 3413 familiaris
1012 3369 1092 3413 usus
1144 3359 1176 3411 et
1200 3347 1335 3411 adiutor.
1376 3347 1503 3425 Valeta,
1526 3347 1685 3411 carissimi
1715 3355 1748 3411 et
1770 3368 1808 3410 ex
1834 3348 1942 3409 animo
1966 3365 2042 3410 rere
2064 3366 2117 3410 oo·

120 3456 181 3500 non
216 3433 400 3500 intercedit.
453 3434 551 3500 Certe
587 3446 774 3516 contemptu
808 3433 860 3499 vel
889 3434 1092 3517 negligentia
1143 3433 1231 3497 lendi
1254 3436 1380 3498 fratres.
1421 3434 1584 3497 Dominus
1607 3455 1664 3496 vos
1686 3433 1802 3514 spiritu
1826 3432 2030 3515 prudentiae,
2054 3430 2118 3494 for-

119 3523 253 3585 minime
275 3523 374 3585 luisse
396 3522 598 3604 praeteritos,
621 3531 732 3587 sancte
755 3520 845 3585 vobis
863 3521 999 3585 affirmo.
1025 3520 1092 3587 Ubi
1145 3519 1294 3583 titudinis
1317 3529 1350 3583 et
1371 3517 1632 3584 mansuetudinis
1655 3519 1817 3601 gubernet
1839 3517 2027 3599 laboresque
2045 3537 2117 3580 ves·

120 3616 226 3670 antem
261 3608 385 3671 reversi
420 3615 497 3672 sunt
526 3628 567 3672 ex
595 3607 755 3670 nundinis
789 3606 923 3683 librarii,
954 3608 1091 3670 miratus
1143 3613 1211 3670 tros
1223 3604 1401 3670 benedicat.
1425 3607 1541 3669 Amen.
1562 3603 1719 3669 Genavae
1730 3609 1760 3668 t.
1774 3604 1884 3668 Nonas
1897 3602 2011 3668 Martii
2026 3604 2117 3666 1556.

120 3714 199 3771 sum,
212 3694 324 3771 fateor,
336 3693 495 3758 Ioachimi
517 3692 685 3759 cuiusdam
706 3691 876 3772 Wcatpbali
896 3711 964 3756 non
983 3693 1091 3755 minus

119 3777 278 3843 insulsum
308 3800 406 3860 quam
436 3779 638 3843 virulentum
663 3777 796 3855 librum,
826 3798 888 3859 quo
915 3799 1022 3842 meam
1052 3778 1091 3841 de

120 3866 331 3929 sacramentis
343 3863 524 3929 doctrinam
541 3873 718 3947 oppugnat,
736 3864 811 3929 istic
833 3862 957 3927 editum
979 3867 1090 3934 esse.⁴)

118 3948 201 4013 Nam
224 3950 307 4013 mihi
329 3970 566 4031 persuaseram,
586 3951 746 4032 optimum
769 3949 857 4013 inter
878 3970 937 4013 nos
960 3970 1093 4013 consen·

118 4054 188 4099 sum
217 4056 301 4100 esse:
332 4046 389 4101 aut
412 4037 440 4099 si
469 4036 605 4100 docendi
626 4036 710 4100 ratio
732 4056 798 4099 non
821 4056 955 4118 prorsus
977 4033 1090 4099 eadem

119 4119 207 4198 foret,
238 4130 366 4185 tantum
397 4142 464 4186 uon
494 4143 565 4187 esse
594 4122 837 4203 discrepantiae,
873 4121 959 4202 quod
988 4141 1091 4202 usque

117 4205 149 4269 in
171 4206 319 4272 odiosam
330 4209 573 4273 contentionem
591 4215 791 4290 erumperet:
811 4228 848 4271 ac
866 4207 938 4271 fieri
960 4204 1089 4288 quidem

118 4303 231 4373 potest,
251 4304 288 4357 ut
309 4294 420 4358 insciis
441 4294 532 4359 vobis
555 4294 672 4357 exierit
693 4293 777 4357 liber
796 4292 862 4370 ille,
884 4313 980 4375 quem
1003 4300 1090 4356 certe

119 4380 234 4443 restris
267 4379 435 4463 suffragiis
471 4381 572 4444 luisse
612 4377 785 4462 probatum
811 4399 877 4443 non
901 4377 1089 4460 arbitror.⁵)

118 4461 230 4548 Neque
262 4486 342 4530 vero
371 4467 432 4532 hoc
469 4464 698 4549 expostulandi
728 4485 826 4530 causa
854 4483 1087 4529 commemoro:

118 4550 170 4613 sed
192 4552 270 4634 quia
290 4552 389 4617 simul
410 4552 529 4618 allatus
551 4558 601 4616 est
622 4571 744 4629 rumor,
767 4549 960 4634 quibusdam
983 4570 1002 4612 a
1023 4549 1089 4614 col·

1410 3741 1529 3806 Frater
1551 3748 1586 3804 et
1607 3751 1789 3824 symmysta
1811 3739 1902 3805 vobis
1925 3740 1960 3803 in
1984 3738 2118 3807 Christo

1583 3848 1661 3891 rore
1674 3830 1715 3908 ¹¹)
1735 3827 1925 3890 coniunctus

1739 3911 1880 3975 Ioannes
1903 3910 2069 3976 Calvinus.

1244 4170 1273 4238 6)
1291 4168 1358 4224 Noa
1375 4174 1491 4222 arctant.

1243 4237 1273 4298 t)
1292 4255 1325 4291 ec
1345 4236 1459 4291 Pellana
1476 4243 1543 4304 pata
1562 4234 1600 4290 N.
1620 4234 1695 4288 2385.

1243 4307 1273 4374 8)
1292 4312 1421 4376 quantum
1439 4306 1529 4370 Beaa;
1547 4322 1670 4373 quaeque
1691 4302 1788 4357 Rittcr.

1243 4375 1273 4440 9)
1293 4392 1488 4444 supervacuum
1509 4374 1583 4427 Edd.

1226 4445 1271 4509 10)
1292 4445 1332 4498 Et
1348 4460 1415 4498 eane
1437 4447 1557 4511 ipsoram
1581 4444 1762 4497 contentiones
1779 4440 1888 4495 mattam
1911 4440 1948 4492 iis
1965 4443 2117 4493 cocceam

1140 4514 1216 4583 opud
1232 4514 1379 4568 ministros,
1601 4560 1604 4567 ,
1932 4578 1936 4588 ¹
1964 4578 1969 4587 .

1225 4582 1272 4644 11)
1291 4582 1405 4635 Domino
1426 4580 1524 4635 Ritter.
1547 4607 1576 4617 ·-
1596 4576 1765 4645 Subscriptio
1783 4582 1838 4630 tota
1859 4575 1967 4631 Galeam
1985 4592 2077 4630 manu.

119 4770 207 4829 2401„
218 4775 247 4840 1)
267 4773 328 4827 Imo
355 4774 455 4843 chai
481 4780 504 4827 ct
532 4774 665 4828 sociorum
691 4771 813 4826 animum
839 4771 922 4839 probe
952 4773 1087 4839 cognitam

117 4840 235 4909 ἦαῠώαι,
253 4859 310 4895 non
328 4847 416 4895 tomen
434 4844 503 4897 satio
520 4845 546 4894 si
562 4858 607 4896 eoo
625 4841 770 4896 demulceri
781 4855 862 4908 posse
879 4841 1014 4908 sperabat.

216 4911 247 4978 2)
267 4910 341 4964 Edd.
359 4911 424 4964 add.
443 4911 598 4964 communis.

213 4981 245 5046 3)
264 4979 399 5034 Eaedem:
417 4980 540 5033 fiduciae.

211 5049 245 5114 4)
263 5047 304 5103 Ν.
321 5047 398 5103 2295.
416 5048 494 5103 2296.

211 5119 244 5186 5)
266 5118 290 5171 0
308 5125 406 5174 cancta
423 5117 591 5186 simplicitas,
611 5117 651 5170 oct
667 5117 805 5170 incassum
824 5112 952 5167 amatote
969 5112 1088 5171 Mucia!

120 5182 219 5241 Oblitae
243 5202 301 5241 cose
320 5187 425 5242 oidctar
443 5203 512 5257 quoe
532 5185 708 5253 dicaturque
725 5184 759 5238 do
778 5181 915 5251 patruclis
929 5181 1027 5247 lunera
1045 5199 1085 5236 cc·

116 5258 264 5324 mutuarat.
