4688 5902
1103 304 1336 374 EPISTOLA
1358 308 1443 370 2620

712 497 809 568 2620.

520 651 769 721 ΗΠΒΕΒΤΠΒ
793 649 1011 718 GALVINO.

364 825 509 892 Primum
529 825 653 905 seponit
674 823 752 905 qnid
767 823 958 904 profecerint
978 821 1072 905 boati
1097 820 1250 886 Geneoctt·

274 915 361 981 narn
382 914 623 997 Argentoratum
644 909 737 974 missi
753 914 788 973 nt
806 909 997 990 framentum
1017 928 1039 973 a
1060 907 1250 990 mgistratn

278 1003 415 1065 emunt.
448 997 572 1064 nance
592 995 748 1079 signifieat
766 994 960 1077 Gernnoinm
977 994 1122 1076 monime
1139 992 1250 1059 onnu-

275 1106 347 1150 snm
363 1085 415 1148 iri.
460 1081 568 1166 Pergit
588 1081 761 1146 atenim
778 1080 928 1146 articulos
950 1078 1061 1144 Flacci
1084 1077 1250 1145 mana-

166 1181 170 1189 '
277 1190 327 1236 ses
344 1176 372 1234 ct
392 1172 596 1251 cumcontra
611 1165 755 1231 Meninm
776 1166 860 1232 circa
879 1163 957 1230 bona
978 1185 1071 1246 opas
1083 1164 1251 1246 proposito

277 1260 357 1320 sunt.
402 1254 547 1335 Denique
572 1257 702 1318 recenset
729 1254 857 1317 nomino
883 1271 988 1317 mrum
1017 1253 1073 1332 qni
1094 1250 1137 1316 att
1157 1249 1249 1315 collo-

277 1341 386 1424 qninrn
410 1339 637 1406 Worrncciense
658 1338 763 1404 deieci
783 1341 864 1403 sont.

425 1511 480 1575 (Er
499 1508 668 1578 autographo
686 1508 749 1562 Cod.
768 1508 869 1562 Gener.
890 1505 948 1575 112,
966 1504 1104 1569 tot104.)

364 1681 555 1748 Clarissimo
577 1679 649 1744 viro
661 1679 785 1744 virtute
802 1679 969 1763 etpietate
986 1675 1144 1761 singulari
1155 1696 1249 1758 prae·

279 1769 347 1834 dito
364 1767 407 1833 D.
433 1766 577 1831 Iohanni
607 1765 745 1831 Calvino
775 1764 883 1830 theolo
906 1784 925 1828 o
947 1762 1134 1829 doctissimo
1155 1782 1250 1846 prae·

279 1855 400 1938 captori
423 1874 481 1918 suo
499 1853 533 1916 in
557 1850 690 1916 Christo
712 1849 871 1915 observan
895 1849 1016 1915 issimo.

996 1934 1163 1999 Generae.

431 2107 560 2174 Ichana
583 2104 729 2193 [Galoino
750 2127 792 2170 cn
813 2105 1096 2193 obaa]ntworten.

365 2263 465 2329 Salve
494 2265 529 2327 in
559 2262 694 2327 Ohristo
722 2261 885 2326 salvatore
916 2260 1103 2343 plurimum,
1130 2259 1251 2342 optime

278 2360 311 2414 et
329 2348 624 2415 observandissime
642 2347 689 2411 mi
706 2354 902 2428 praeceptor.
943 2346 1091 2430 Rogatus
1110 2345 1162 2409 his
1184 2344 1251 2408 die·

279 2437 339 2501 bus
361 2455 381 2498 a
403 2434 444 2498 D.
476 2434 660 2498 Hottontono
686 2434 795 2497 ricino
824 2431 1021 2508 dulcissimo,
1045 2440 1165 2515 tuoque
1185 2431 1252 2495 fra·

277 2531 328 2586 tre
361 2541 526 2603 germano,
550 2529 587 2583 ut
604 2538 712 2582 meum
731 2528 764 2580 et
786 2517 958 2582 consilium
981 2525 1014 2580 et
1035 2538 1168 2600 operam
1185 2517 1252 2581 illis

277 2616 479 2689 praestarem
500 2605 536 2668 in
558 2625 658 2669 causa
679 2602 850 2687 legationis
872 2623 892 2666 a
913 2609 1025 2668 vestro
1047 2610 1163 2667 senatu
1185 2602 1252 2666 illis

278 2692 479 2762 commissae.
494 2692 520 2770 ¹)
543 2689 644 2754 annui
673 2689 794 2763 statim,
814 2699 847 2753 et
869 2688 1027 2773 exiguum
1050 2688 1143 2752 illum
1165 2686 1252 2771 quod

277 2797 420 2861 possum,
444 2783 592 2858 prompto
619 2775 683 2838 illis
704 2774 838 2838 exhibui
859 2774 979 2851 animo,
1002 2774 1126 2839 maiora
1147 2773 1252 2838 liben-

278 2864 345 2928 tius
373 2860 580 2927 exhibiturns
609 2860 638 2924 si
667 2881 725 2943 per
752 2859 924 2925 facultates
960 2859 1112 2924 licuisset.
1164 2860 1252 2924 Puto

278 2949 367 3014 enim
385 2947 445 3011 tibi
457 2946 496 3011 de
514 2948 625 3010 animo
637 2953 750 3011 nostro
762 2966 840 3029 erga
851 2966 911 3009 ros
932 2946 1012 3011 satis
1027 2958 1185 3010 constare.
1214 2941 1253 3010 Si

279 3034 381 3100 vestri
402 3032 501 3117 legati
524 3042 598 3096 tuas
621 3031 661 3095 ad
682 3030 871 3114 Psarrcrnm
893 3031 1074 3113 potuissent
1096 3032 1253 3096 exhibere

278 3120 401 3197 literas,
414 3118 607 3184 crediderim
628 3116 710 3181 illud
728 3116 818 3181 haud
839 3116 911 3182 leve
922 3116 1051 3200 pondus
1062 3115 1253 3182 habiturum

278 3205 396 3270 fauce:
420 3205 571 3287 quamvis
588 3202 674 3285 quod
691 3205 725 3267 in
744 3222 779 3268 se
797 3202 860 3268 luit
877 3203 959 3267 nihil
978 3201 1144 3286 negligere
1163 3203 1253 3267 nsua

279 3293 330 3355 sit.
374 3289 553 3355 Permissio
575 3289 651 3353 talis
672 3287 793 3371 pendet
814 3309 881 3353 non
903 3310 923 3353 a
944 3288 1084 3366 consule,
1108 3291 1254 3371 quoipse

279 3377 346 3440 iam
363 3376 513 3459 fungitur
527 3395 674 3450 munere,
698 3373 755 3439 sed
782 3393 802 3436 a
824 3382 893 3439 toto
910 3381 1036 3438 senatu.
1078 3373 1254 3439 anternm

280 3483 340 3545 pro
350 3464 532 3544 quantitate
544 3467 672 3525 vestrae
684 3460 838 3541 penuriae
855 3480 984 3525 summa
1005 3460 1165 3543 permissa
1184 3458 1254 3524 exi·

281 3568 347 3633 gua
367 3568 448 3611 sane
465 3556 523 3611 est.
553 3545 679 3610 Verum
696 3546 886 3610 meminisse
909 3567 965 3611 vos
986 3552 1122 3627 oportet,
1145 3546 1173 3610 si
1194 3566 1254 3610 ne·

281 3633 380 3708 scitis,
402 3632 468 3696 iam
489 3632 658 3714 aliquoties
680 3633 802 3695 exteris
816 3652 880 3695 non
893 3633 1006 3714 paucis
1028 3630 1142 3696 eadem
1160 3630 1196 3694 in
1217 3651 1254 3695 re

280 3720 501 3804 gratificatum
523 3718 631 3793 fuisse,
652 3718 761 3798 sicque
771 3715 968 3799 reipublicae
989 3717 1144 3800 granaria
1165 3737 1254 3799 mag-

281 3825 359 3870 nam
382 3803 631 3868 diminutionem
653 3823 806 3884 perpessa
827 3803 893 3866 iam
915 3802 1023 3867 claudi
1041 3823 1100 3885 pro
1118 3822 1253 3866 suorum

282 3893 404 3957 civium
438 3889 624 3953 tenuiorum
667 3887 921 3953 necessitatibus.
972 3888 1102 3952 Deinde
1139 3885 1253 3951 eodem

282 3976 410 4043 consilii
433 3996 564 4040 accessu
589 3975 687 4038 vestri
718 3973 904 4037 habuerunt
925 3974 1163 4055 competitores,
1182 3992 1253 4037 eos·

282 4083 345 4146 que
368 4058 704 4127 commendationibus
727 4059 825 4123 etiam
844 4059 1084 4142 regisAngliae
1107 4066 1252 4123 ornatos:

281 4148 371 4213 unde
393 4148 516 4212 factum
545 4156 596 4210 est
624 4145 709 4227 quod
739 4145 849 4209 minus
876 4144 1089 4208 obtinuerunt
1114 4154 1253 4226 sperato,

281 4234 357 4318 plus
379 4243 487 4296 tamen
510 4231 612 4295 multo
634 4249 730 4313 quam
754 4231 996 4294 commemorati
1017 4230 1253 4312 competitores.

283 4319 370 4384 Boni
392 4316 524 4402 quidam
553 4316 619 4380 riri
648 4325 815 4380 senatores
842 4336 908 4379 non
931 4314 1083 4379 dubitant
1104 4324 1254 4380 senatum

282 4414 429 4470 vestrum
458 4404 492 4466 in
521 4404 705 4484 praesentia
728 4401 789 4465 hac
810 4401 930 4485 exigua
955 4421 1084 4465 summa
1105 4401 1255 4466 futurum

283 4497 485 4565 contentum,
520 4485 651 4568 quando
683 4485 819 4568 posthac
850 4486 959 4569 inopia
991 4508 1107 4552 rursus
1132 4488 1255 4570 pressis

285 4574 420 4639 minime
448 4571 572 4638 reditus
595 4573 638 4637 sit
665 4572 871 4636 interclusus.
915 4570 1009 4637 Adde
1042 4571 1127 4655 qnod
1150 4573 1256 4638 nostri

283 4662 382 4725 certis
405 4659 445 4723 de
474 4660 581 4723 causis
612 4657 742 4722 malunt
770 4677 828 4739 per
855 4658 1028 4723 intervalla
1055 4659 1255 4741 emptionem

285 4950 420 5012 mod)
438 4949 502 5002 Ant.
531 4948 672 5002 woicam
699 4946 737 4998 ad
772 4961 911 5002 annonam
942 4945 1111 5002 coemendam
1144 4946 1257 5000 nnsnm

284 5020 373 5085 fnisse
396 5033 446 5071 nos
469 5017 537 5071 alibi
561 5018 655 5086 kpisn
679 5030 735 5067 non
758 5017 934 5070 meminimus.
975 5013 1085 5070 &enne
1108 5013 1149 5067 19.
1173 5015 1257 5082 Agr..-

287 5089 326 5141 Lc
344 5087 388 5141 blo
406 5088 483 5140 etant
499 5087 572 5152 cher,
596 5082 686 5138 arreti
703 5100 773 5152 pour
790 5085 816 5136 le
834 5084 902 5138 faire
921 5085 1025 5138 baisser
1042 5085 1076 5138 de
1093 5084 1197 5137 rendre
1215 5099 1257 5137 ce-

287 5158 324 5210 lui
342 5157 376 5209 de
394 5157 421 5210 la
431 5156 587 5222 Seignanrie
605 5155 652 5222 qui
670 5159 711 5205 cst
728 5153 816 5219 deur,
839 5152 855 5205 i
873 5171 908 5206 aa
926 5155 988 5218 prix
1005 5170 1042 5205 nn
1061 5169 1112 5222 peu
1130 5153 1191 5222 plus
1209 5155 1256 5207 bas

287 5225 352 5292 qu'il
371 5223 439 5277 n'est
457 5241 490 5276 an
509 5223 624 5291 marche,
642 5239 664 5275 c.
683 5219 699 5272 i
716 5219 742 5272 d.
760 5222 776 5274 h
794 5220 812 5273 5
828 5222 854 5276 fl.
872 5223 898 5275 la
915 5237 1008 5290 canpe.

2212 301 2271 362 456

1300 492 1549 558 frumentariam
1570 491 1765 558 mediocrem
1788 491 1886 556 etiam
1905 489 2080 571 repetitam
2101 486 2273 553 admittere

1301 601 1399 663 quam
1421 579 1576 643 maiorem
1599 577 1700 642 semel
1722 584 1859 642 tantum.
1905 575 2032 639 Verum
2054 573 2095 639 de
2115 575 2190 638 istis
2211 573 2273 637 ira·

1300 674 1352 730 ter
1374 673 1407 729 te
1429 664 1558 748 plenius
1575 663 1716 728 instruet
1733 664 1815 728 scio:
1838 682 1939 744 quare
1961 660 2041 726 satis
2063 660 2107 724 sit
2129 658 2274 741 velpaa·

1300 751 1347 816 cis
1368 759 1402 815 te
1424 751 1589 815 actionum
1618 756 1804 814 nostrarum
1822 745 1994 812 monuisse.

1386 833 1632 901 Periuoundum
1656 835 1737 898 mihi
1755 835 1818 899 fuit
1839 855 1883 898 ex
1904 831 1961 896 illo
1982 829 2104 914 aliquid
2128 829 2169 896 de
2187 837 2273 893 statu

1301 932 1333 987 et
1353 931 1409 987 tuo
1427 921 1510 986 mihi
1532 919 1691 986 carissimi
1706 919 1926 1004 praeceptoris
1947 927 1980 982 et
1998 917 2099 981 tatius
2121 915 2275 980 ecclesiae

1301 1015 1430 1073 cosmae
1456 1005 1580 1082 audire,
1603 1013 1741 1088 optoque
1772 1005 1861 1071 vobis
1882 1004 2059 1087 plurimum
2082 1014 2119 1065 ut
2141 1000 2276 1085 largitor

1300 1092 1460 1159 bonorum
1489 1092 1637 1157 omnium
1665 1091 1803 1174 acceptis
1832 1088 2112 1157 benedictionibus
2138 1085 2275 1152 subinde

1301 1200 1405 1251 noras
1435 1177 1574 1243 adiicere
1603 1185 1728 1261 pergat
1777 1177 1846 1242 Nos
1876 1176 1930 1240 hic
1953 1174 1987 1238 in
2016 1193 2117 1240 causa
2140 1171 2239 1238 Beni
2248 1173 2274 1257 ²)

1302 1264 1444 1341 (utinam
1467 1264 1585 1338 bentii)
1613 1262 1655 1328 ad
1684 1266 1783 1328 finem
1813 1281 2035 1346 properamus,
2057 1260 2114 1342 qui
2132 1259 2276 1325 monitus

1301 1351 1354 1416 his
1376 1348 1490 1415 diebus
1507 1350 1571 1414 fuit
1591 1370 1611 1413 a
1633 1348 1703 1414 suis
1724 1370 1743 1413 e
1765 1359 1882 1413 senatu
1892 1347 2083 1425 fautoribus,
2106 1354 2145 1409 ut
2168 1344 2272 1422 audio,

1301 1444 1340 1501 ut
1360 1437 1431 1518 ipse
1450 1434 1673 1501 dimissionem
1690 1443 1790 1517 petat,
1813 1432 1899 1517 quod
1920 1432 1984 1515 ipsi
2007 1431 2112 1515 magis
2130 1431 2275 1494 futurum

1302 1523 1345 1587 sit
1367 1520 1590 1599 honorificum,
1620 1520 1684 1585 nisi
1716 1541 1788 1585 eam
1823 1519 1901 1585 velit
1934 1518 1994 1583 sibi
2025 1517 2182 1600 imperari
2206 1538 2276 1581 cum

1302 1607 1411 1689 aliqua
1429 1606 1571 1671 nominis
1589 1606 1640 1671 sui
1658 1606 1739 1670 labe.
1769 1606 1840 1669 Iam
1858 1605 1967 1688 agitur
1978 1603 2018 1668 de
2036 1600 2275 1668 conditionibus

1302 1693 1372 1759 sive
1390 1692 1552 1775 stipendio
1570 1699 1605 1757 et
1622 1690 1756 1757 aedibus
1774 1689 1952 1756 retinendo,
1988 1689 2074 1754 Nam
2096 1698 2186 1754 totus
2204 1708 2275 1753 con·

1302 1787 1422 1844 ventus
1433 1779 1487 1844 hic
1503 1777 1737 1845 ecclesiasticus
1749 1777 2010 1860 perturbatorem
2021 1774 2112 1840 hunc
2130 1774 2276 1839 ecclesia·

1244 1924 1248 1929 A
1304 1886 1379 1929 rum
1399 1885 1474 1930 cum
1493 1885 1551 1929 suo
1573 1864 1709 1929 diacono
1730 1862 1883 1928 Crassitio
1892 1864 1921 1941 ⁸)
1943 1861 2085 1944 amplius
2106 1881 2168 1943 pro
2192 1880 2275 1944 sym·

1302 1950 1420 2032 mystis
1443 1948 1830 2034 agnosceredctreotavit,
1850 1948 1949 2031 idque
1967 1945 2097 2029 publico
2122 1943 2164 2009 ad
2182 1967 2271 2010 sena

1302 2044 1372 2100 tum
1406 2047 1554 2100 nostrum
1584 2034 1714 2118 scripto.
1755 2034 1874 2098 Finem
1907 2033 2006 2098 buius
2027 2032 2272 2110 controversiae,

1302 2120 1543 2186 restitutionem
1572 2142 1672 2186 sanae
1700 2119 1867 2186 doctrinae
1896 2118 2046 2185 videlicet
2067 2125 2102 2182 et
2124 2115 2272 2182 idoloma-

1303 2207 1376 2272 niae
1399 2206 1606 2271 abolitionem
1628 2208 1664 2270 in
1685 2206 1767 2270 urbe
1788 2205 1884 2289 paulo
1906 2213 1980 2287 post
2002 2205 2271 2286 subsequuturam

1303 2313 1483 2375 speramus.

1388 2378 1460 2442 Iam
1490 2377 1660 2443 subiiciam
1688 2376 1846 2460 quaedam
1877 2397 1963 2443 nova
1991 2375 2033 2440 ad
2068 2396 2131 2441 nos
2154 2375 2269 2457 scripta

1302 2462 1361 2528 tibi
1383 2463 1495 2528 forsan
1515 2463 1690 2547 incognita

1389 2549 1477 2629 Novi
1499 2548 1629 2614 articuli
1650 2569 1692 2613 ex
1720 2547 1838 2631 oppido
1859 2546 2019 2614 Koswick
2040 2566 2060 2610 a
2082 2544 2212 2613 Flaccia
2232 2544 2270 2609 Il·

1302 2635 1406 2719 lyrico
1428 2634 1517 2699 allati
1541 2645 1574 2698 et
1587 2633 1630 2700 D.
1653 2640 1715 2717 φιλ.
1727 2638 1828 2713 notan
1840 2633 1997 2717 propositi
2013 2633 2066 2697 die
2080 2636 2132 2699 27.
2156 2633 2267 2698 Ianua·

1303 2720 1345 2786 rii
1368 2742 1453 2786 anno
1479 2725 1569 2785 1557.
1581 2725 1609 2798 ⁴)

1768 2925 1794 2990 Ι.

1391 3063 1580 3129 Consensus
1604 3062 1823 3128 constituatur
1856 3064 1891 3127 in
1921 3062 2081 3130 doctrina.
2099 3062 2194 3128 iuxta
2219 3061 2266 3126 Bi·

1304 3149 1380 3228 blia,
1411 3147 1578 3232 Symbola,
1615 3149 1845 3232 Augustanam
1877 3149 2125 3226 confessionem,
2160 3147 2267 3230 Apolo-

1305 3235 1393 3319 giam
1416 3243 1449 3300 et
1470 3231 1754 3300 Schmalkaldicos
1775 3234 1941 3301 articulos.

1768 3438 1814 3504 II.

1390 3575 1596 3640 Reiiciantur
1617 3577 1897 3642 omnescontrarii
1915 3596 2043 3642 errores
2064 3578 2266 3660 papistarnm
2320 3596 2323 3602 ⁴

1304 3662 1583 3727 Interimistarum
1613 3670 1647 3727 et
1680 3663 1827 3727 omnium
1858 3662 2123 3728 conciliationem
2150 3684 2191 3728 ex
2218 3662 2266 3726 In·

1304 3748 1401 3812 terim
1423 3762 1580 3826 ortarum,
1605 3748 1902 3831 Anabaptistarum,
1924 3747 2266 3824 Sacramentariorum,

1305 3832 1557 3913 Socraticorum,
1609 3835 1875 3913 Antinomorum,
1921 3833 2267 3910 Stenckt'eldiancrum,

1304 3916 1573 3986 Osiandricorum
1594 3929 1628 3984 et
1649 3919 1848 3986 Thammeri.

1760 4126 1824 4191 111.

1391 4262 1550 4328 Doctrina
1571 4260 1612 4326 de
1635 4263 1877 4341 iustificatione,
1908 4263 1949 4328 de
1979 4262 2095 4341 salute,
2127 4263 2270 4328 videlicet

1305 4349 1391 4432 qnod
1413 4349 1483 4414 sola
1504 4345 1568 4412 fide
1585 4349 1620 4410 in
1643 4347 1816 4414 Christum
1837 4350 1941 4433 gratis
1962 4348 2033 4413 sine
2055 4349 2211 4431 operibus
2231 4348 2270 4412 le·

1305 4434 1357 4519 gis
1378 4432 1594 4499 iustificamur
1616 4441 1649 4497 et
1680 4435 1855 4517 accipimus
1882 4435 2023 4501 salutem
2045 4444 2079 4498 et
2101 4435 2205 4500 vitam
2225 4455 2271 4500 aa·

1306 4529 1444 4598 ternam,
1472 4520 1653 4585 retineatur
1686 4541 1776 4602 pura,
1806 4532 1941 4604 propter
1964 4520 2025 4586 has
2053 4541 2177 4603 gravm
2204 4541 2272 4588 aaa·

1306 4625 1375 4671 sas:
1394 4604 1550 4670 nimirum
1572 4613 1611 4669 ut
1631 4605 1795 4671 tribuatur
1814 4604 1887 4671 Deo
1909 4628 1988 4672 suus
2015 4604 2129 4682 honos,
2160 4617 2194 4671 et
2214 4626 2273 4670 non

1308 4779 1509 4787 ---.-—--—

1346 4992 1352 5007 ,
1407 4876 1440 5010 {3
1452 4875 1569 5016 pcbopilo
1578 4876 1811 5029 andrlt’inboliegoro.
1824 4947 2015 5015 Morntbinscea
2033 4941 2277 5071 Brennum&

1306 5015 1458 5151 &abab
1474 5015 1678 5140 fficsffltbnrpn
1706 5017 1800 5081 factm
1823 5022 1919 5084 poena
1945 5015 2163 5084 Argentoratum
2188 5036 2204 5071 r
2268 5054 2274 5066 .

1537 5195 1542 5205 .
1614 5154 1635 5218 s.
1662 5153 1710 5206 IX.
1736 5152 1779 5206 60.
1816 5152 1944 5215 Schmidt,
1972 5153 2036 5208 Mel.
2062 5153 2116 5208 eet
2143 5162 2168 5210 et
2193 5161 2276 5223 sama
