4778 5888
914 359 1174 427 srlsrolmlt
1197 361 1406 422 2568-2571

601 544 701 612 2568.

400 715 634 781 CALVINUS
657 714 860 780 BIGOTIO.
874 721 899 790 ¹)
967 811 971 818 .

257 891 368 955 Virum
390 889 463 952 olim
484 889 545 950 sibi
565 887 757 966 familiarem
779 888 919 967 increpat
940 888 1021 967 qaod
1049 887 1136 951 solers

164 1003 202 1046 aa·
223 1000 282 1043 sura
293 974 589 1056 familioveritaiem
600 972 805 1053 evangelicam
825 993 886 1036 aon
898 973 1063 1050 amplexus
1085 973 1135 1034 sit.

165 1169 219 1233 (Ex
247 1166 289 1218 ed.
314 1165 401 1215 Beaae
428 1160 528 1214 Gener.
552 1177 577 1227 p.
601 1157 658 1218 188,
684 1158 762 1209 Laus.
781 1176 807 1226 p.
825 1156 885 1219 405,
904 1159 1011 1227 Honor.
1030 1175 1055 1225 p.
1076 1156 1135 1213 453.

422 1234 506 1282 Amat.
524 1246 549 1294 p.
573 1225 626 1293 117,
646 1227 749 1279 (ibonet
767 1244 792 1295 p.
810 1225 883 1291 255.)

254 1402 364 1481 Quum
382 1412 449 1462 tam
471 1397 623 1462 familiari
642 1399 728 1459 vitae
751 1419 809 1460 usu
823 1408 920 1480 atque
938 1397 1036 1460 etiarn
1060 1420 1135 1462 con-

170 1488 319 1553 tubernio
342 1485 424 1548 mihi
452 1484 528 1547 olim
552 1483 650 1546 fueris
677 1482 853 1555 devinctus,
878 1503 1044 1563 nunquam
1068 1485 1135 1546 fore

168 1584 343 1658 putassem,
373 1571 416 1634 mi
454 1570 552 1641 Petro,
572 1577 609 1630 ut
640 1567 717 1630 mihi
748 1567 889 1630 difficilis
914 1589 951 1632 ac
981 1569 1136 1650 perplexa

74 1663 79 1682 ¹
169 1669 255 1724 esset
277 1656 316 1721 ad
338 1664 369 1718 te
400 1653 558 1719 scribendi
582 1655 672 1715 ratio.
715 1651 779 1714 Sed
802 1654 1009 1732 quiamundi
1032 1653 1135 1718 illece-

168 1747 237 1810 bris
259 1741 435 1823 implicitus
464 1750 591 1820 praetor
613 1758 703 1818 spem
726 1756 832 1799 meam
861 1746 894 1800 et
921 1758 1041 1818 magno
1064 1758 1135 1802 meo

171 1830 280 1894 dolore
309 1839 341 1890 te
371 1846 390 1887 a
413 1818 503 1888 uobis
524 1822 732 1896 subduxeras,
757 1843 793 1885 ac
822 1823 849 1884 si
872 1824 925 1885 via
948 1824 1028 1886 mihi
1051 1827 1135 1906 peri·

173 1914 281 1980 culosa
303 1913 392 1984 foret,
416 1932 434 1972 a
459 1906 618 1973 scribendi
642 1906 874 1971 consuetudine
898 1908 1047 1972 abstinui.
1084 1907 1136 1973 ci-

172 2003 237 2064 tius
264 1998 345 2061 forte
374 2016 470 2077 quam
492 1993 648 2074 oportuit:
672 1990 727 2055 sed
751 1993 825 2073 quia
848 1991 991 2069 verebar,
1015 1995 1041 2058 si
1064 1995 1135 2057 lite·

172 2106 226 2149 ras
249 2104 312 2146 nou
342 2079 518 2163 postulanti
533 2077 756 2151 obtruderem,
780 2099 819 2141 ue
841 2078 900 2141 tibi
924 2078 1063 2143 ludibrio
1086 2102 1135 2143 se·

173 2169 292 2234 dulitas
314 2187 385 2229 mea
407 2177 501 2232 osset.
522 2163 609 2227 nolui
623 2163 737 2227 saltem
750 2184 931 2244 propera-re,
954 2162 1055 2228 donec
1072 2165 1135 2247 sig-

172 2276 250 2320 num
280 2249 408 2333 aliquod
438 2251 554 2313 melius
584 2249 686 2312 dares.
732 2252 885 2312 Amorem
912 2251 1046 2325 interea,
1075 2271 1136 2331 quo

173 2349 206 2405 te
228 2361 264 2403 ac
285 2340 418 2401 fratrem
441 2348 530 2398 tuum
551 2335 648 2398 semel
661 2334 847 2415 complexus
869 2334 1004 2411 fueram,
1027 2356 1138 2416 quam-

172 2426 223 2491 ris
250 2423 395 2486 externis
428 2421 541 2484 officiis
571 2440 635 2484 uon
664 2432 810 2495 testarer,
841 2420 949 2482 animo
978 2420 1135 2496 fovebam,

173 2511 268 2575 sicuti
290 2506 434 2571 nondum
469 2503 591 2569 excidit
612 2504 665 2568 vel
686 2525 840 2569 excussus
863 2516 920 2568 eet.
949 2505 1033 2568 -Iam
1057 2527 1135 2569 vero

171 2597 309 2660 fratrum
340 2607 469 2654 tuorum
501 2590 652 2665 adventu,
685 2611 747 2672 quo
772 2611 856 2653 nova
888 2592 1009 2655 occasio
1033 2591 1136 2654 videri

172 2680 280 2745 oblata
301 2687 435 2759 poterat,
457 2675 529 2739 ideo
551 2675 729 2740 restrictior
750 2677 852 2739 factus
873 2697 955 2753 sum,
977 2676 1059 2756 qnod
1079 2698 1136 2740 vos

172 2787 230 2830 suo
260 2761 408 2844 exemplo
438 2762 568 2825 comites
599 2782 662 2824 uon
693 2762 877 2832 traxissent,
911 2783 1008 2843 quum
1039 2761 1136 2827 duces

173 2851 241 2914 fore
280 2849 469 2929 sperassem.
524 2846 621 2910 Certe
655 2858 719 2910 tam
754 2847 916 2927 insperata
954 2849 1135 2911 mutatione

173 2957 238 2999 non
260 2933 354 2997 modo
377 2934 542 3014 perculsus
565 2953 646 3004 sum,
671 2932 726 2995 sed
753 2934 818 2994 fere
840 2931 1011 3012 obstupui:
1034 2953 1133 3013 quum

173 3020 232 3084 tibi
254 3039 386 3082 manum
408 3019 619 3100 porrigerent,
643 3029 675 3080 et
686 3017 888 3100 migrationis
910 3015 1073 3081 adiutores
1091 3016 1136 3079 fo-

173 3118 246 3169 rent
275 3126 310 3168 ao
340 3103 425 3181 socii,
459 3108 512 3184 qui
544 3102 605 3165 tibi
638 3103 728 3184 prius
750 3112 843 3166 erant
866 3101 1039 3177 obstaculo,
1063 3113 1136 3166 eta

173 3189 288 3274 quibus
298 3189 562 3253 solisteretineri
574 3207 669 3268 saepe
680 3196 874 3269 conquestus
885 3207 928 3263 es,
938 3186 1015 3250 nido
1026 3197 1135 3251 tamen

173 3277 307 3341 affixum
335 3274 480 3337 suaviter
501 3274 673 3354 quiescere.
719 3272 842 3336 Verum
864 3284 901 3335 nt
927 3273 1136 3352 querimoniis

174 3361 324 3440 utrinque
336 3359 445 3423 valere
462 3359 558 3422 iussis
581 3357 704 3439 placide
722 3368 828 3420 tecum
846 3377 951 3439 agam,
969 3357 1047 3438 quid
1065 3359 1135 3433 sibi,

2091 363 2156 422 348

1188 553 1243 607 tuo
1265 543 1390 624 pridem
1403 545 1559 611 divinitus
1573 568 1744 613 accensum
1756 547 1903 624 suffocas,
1915 543 1989 611 vide
2001 567 2042 610 ne
2060 544 2158 628 quid·

1188 629 1265 711 quid
1288 629 1453 696 residuum
1474 641 1522 697 est
1545 652 1647 715 usqne
1669 632 1709 697 ad
1726 632 1877 696 minimas
1896 653 2038 714 quasque
2067 633 2157 697 scin-

1188 716 1274 779 tilias
1291 716 1481 799 exstinguat
1501 717 1586 782 idem
1599 720 1700 794 Deus,
1722 719 1750 782 si
1772 720 1891 800 torpori
1914 727 1969 781 tuo
1990 717 2030 780 ad
2054 718 2157 781 finem

1186 821 1288 882 usqne
1316 801 1475 885 indulges.
1518 803 1632 867 Potius
1654 802 1827 885 aliquando
1849 802 2083 885 expergiscere,
2113 821 2157 866 ne

1186 896 1370 968 praetereat
1381 895 1509 969 tempus
1531 887 1611 952 illud
1623 888 1828 971 acceptabile,
1842 909 1907 971 quo
1919 889 2026 952 Deum
2039 889 2157 970 quaeri

1187 972 1276 1036 iubet
1308 971 1470 1054 Propheta
1503 973 1578 1037 dum
1611 975 1752 1039 inveniri
1780 983 1892 1054 potest.
1937 974 1993 1037 Me
2022 972 2158 1055 quidem

1187 1079 1251 1120 nou
1264 1055 1357 1121 modo
1380 1071 1455 1122 tuae
1477 1060 1641 1123 tarditatis
1664 1058 1766 1140 pudet
1785 1058 1825 1122 ad
1848 1061 1945 1141 piget,
1971 1058 2027 1122 sed
2050 1067 2159 1123 terret

1186 1142 1244 1206 illa
1265 1163 1379 1207 severa
1389 1143 1514 1208 Christi
1538 1145 1754 1219 denuntiatio,
1778 1145 1832 1208 ubi
1854 1145 1965 1209 clausa
1986 1145 2086 1208 fuerit
2102 1142 2158 1208 'ia-

1187 1249 1261 1299 nna,
1284 1229 1405 1292 frustra
1423 1229 1617 1310 pulsaturus,
1639 1231 1695 1311 qui
1717 1230 1916 1295 occasionem
1936 1229 2157 1312 neglexerint

1188 1315 1344 1394 Asperior
1366 1333 1438 1378 sum
1469 1336 1565 1395 quam
1592 1315 1721 1379 vellem:
1754 1313 1809 1378 sed
1832 1326 1870 1378 ut
1891 1313 1950 1378 tibi
1966 1315 2060 1378 Deus
2082 1335 2158 1396 par·

1186 1411 1248 1473 cat,
1275 1419 1406 1479 parcere
1434 1401 1501 1482 ipse
1532 1422 1597 1463 uon
1620 1400 1731 1465 audeo.
1776 1399 1901 1464 Saltem
1923 1399 2008 1481 qnod
2037 1421 2057 1464 a
2086 1401 2158 1464 sin·

1187 1503 1260 1548 cera
1282 1485 1418 1548 fraterni
1441 1487 1560 1550 amoris
1579 1486 1797 1551 sollicitudine
1815 1486 1996 1567 profectum
2008 1506 2080 1550 esse
2099 1506 2159 1568 ag·

1187 1589 1308 1644 nosces,
1340 1592 1405 1633 non
1429 1570 1508 1635 adeo
1533 1592 1679 1636 morosus
1701 1573 1773 1644 eris,
1801 1581 1838 1634 ut
1860 1570 2019 1653 repudies.
2068 1569 2160 1647 Vale,

1187 1654 1306 1717 eximie
1329 1657 1387 1731 vir,
1411 1656 1572 1721 Dominus
1595 1667 1627 1720 te
1649 1656 1766 1738 spiritu
1789 1655 1980 1739 prudentiae
2002 1664 2035 1720 et
2058 1657 2161 1720 recti·

1188 1739 1310 1804 tudinis
1344 1741 1517 1823 gubernet,
1547 1742 1691 1807 instruat
1725 1750 1838 1806 sancta
1860 1743 2059 1818 constantia,
2089 1742 2160 1805 vir-

1188 1837 1255 1888 tute
1277 1847 1336 1889 sua
1358 1834 1496 1891 tueatur.
1530 1835 1558 1892 4.
1573 1825 1733 1892 Calendas
1756 1827 1909 1891 Ianuarii.
1945 1828 2044 1890 Anno
2068 1830 2160 1890 1557.

1624 2437 1719 2506 251111.

1436 2606 1669 2674 GALVINUS
1693 2607 1905 2675 incusso:

1274 2777 1328 2842 Ad
1349 2779 1527 2861 coniugium
1544 2781 1649 2844 minas
1669 2785 1745 2844 recte
1767 2779 1947 2843 institutum.

1189 2947 1343 3012 (Edidimus
1355 2949 1383 3001 in
1393 2949 1477 3002 Temo
1486 2948 1664 3002 Consiliorum
1674 2949 1786 3017 Oppx·
1799 2951 1872 3001 Part.
1882 2950 1903 3002 1.
1919 2966 1945 3017 p.
1955 2947 2013 3001 24⁸2.
2036 2950 2167 3005 Pertinet

1188 3016 1222 3068 ad
1245 3015 1287 3069 30.
1313 3018 1375 3070 Dec.
1401 3017 1466 3070 1556
1486 3025 1516 3071 st
1533 3019 1629 3084 insipit
1651 3019 1785 3070 arerbis:
1823 3018 1887 3072 Era
1904 3019 1934 3070 in
1952 3024 2031 3073 tarro
2051 3022 2165 3075 coned-

1560 3086 1674 3139 taatiam
1697 3089 1828 3149 numero.)

173 3446 219 3510 mi
249 3445 348 3519 Petra,
380 3445 450 3507 vult
478 3443 557 3508 haec
586 3442 745 3520 mollities,
775 3464 812 3507 ac
835 3443 974 3525 ignavia,
1003 3442 1057 3507 vel
1074 3465 1136 3525 quo
1226 3519 1231 3528 Ι

194 3542 343 3595 raetextu
376 3527 604 3593 excusabitur?
650 3528 721 3592 Non
751 3540 799 3591 est
821 3528 874 3590 hio
895 3528 975 3592 mihi
998 3529 1137 3594 texenda

172 3551 349 3697 disputatio
383 3613 421 3678 de
459 3612 621 3696 fugiendis
661 3613 963 3695 superstitionibus,
997 3636 1135 3696 quarum

173 3701 246 3765 odio
275 3711 309 3764 et
341 3698 552 3764 detestatione
585 3698 797 3780 relinquenda
826 3698 932 3781 potius
966 3712 1036 3763 erat
1059 3701 1135 3776 rita,

172 3807 269 3870 quam
288 3795 326 3848 ut
347 3796 379 3848 te
402 3805 509 3847 amore
532 3785 655 3864 patriae
677 3783 795 3848 inillis
818 3786 863 3849 sic
886 3784 1054 3867 pollueres.
1090 3786 1135 3849 'Pe

173 3872 252 3936 satis
274 3891 429 3952 acsupor,
452 3890 503 3932 me
526 3880 660 3946 tacente,
673 3870 856 3933 convictum
873 3871 1135 3935 tenetconsoien·

172 3957 229 4032 tia,
261 3958 315 4019 vix
343 3954 447 4019 ullum
470 3955 599 4018 effluere
622 3954 717 4033 diem,
740 3975 802 4037 quo
825 3977 889 4018 non
913 3953 969 4018 aba
993 3966 1023 4019 te
1045 3955 1136 4020 Deus

172 4041 317 4124 legitimo
341 4061 398 4104 suo
415 4040 504 4104 cultu
529 4040 711 4121 honoreque
734 4039 908 4104 fraudetur.
947 4040 1019 4104 Imo
1039 4044 1137 4105 simu·

172 4127 251 4191 latio
278 4128 349 4199 ista,
379 4146 441 4206 qua
468 4126 638 4206 impiorum
670 4128 806 4208 gratiam
829 4126 926 4203 foves,
949 4127 1024 4208 quid
1048 4126 1136 4190 aliud

173 4223 231 4286 est,
255 4232 350 4294 quam
373 4210 500 4292 obliqua
523 4209 657 4274 defectio
680 4210 918 4285 aeonfessione,
941 4232 1022 4293 quae
1044 4233 1135 4293 prae·

174 4298 259 4379 cipui
287 4296 435 4360 sacrificii
457 4295 526 4358 loco
549 4296 589 4358 ab
618 4298 768 4360 omnibus
789 4297 853 4361 Dei
876 4297 951 4361 filiis
973 4297 1135 4379 exigitur?

173 4382 273 4463 Atqui
304 4383 424 4446 centies
453 4380 534 4443 mori
558 4391 746 4463 praestaret,
770 4403 867 4464 quam
892 4383 938 4445 ita
961 4382 1136 4447 vindictam

173 4465 237 4529 Dei
259 4465 400 4549 quotidie
423 4486 604 4547 provocare.
637 4464 732 4546 Quod
755 4488 832 4531 vero
856 4467 929 4550 plus
951 4489 1046 4550 quam
1070 4488 1137 4531 ser-

174 4550 283 4614 viliter
313 4551 455 4630 timidus,
485 4562 640 4632 quantum
669 4554 700 4614 in
723 4563 754 4616 te
773 4563 830 4629 eet,
854 4553 963 4616 lumen
986 4554 1019 4617 in
1042 4553 1137 4617 corde

327 4721 376 4731 ³——

174 4838 306 4904 2568.1)
331 4840 395 4894 Viro
418 4838 530 4892 aliunde
551 4856 604 4894 aon
628 4842 742 4909 coquito.
780 4839 896 4894 Omnino
918 4857 974 4894 aon
997 4844 1088 4909 undar
1106 4843 1138 4896 de

173 4909 219 4962 illo
323 4923 348 4960 m
366 4907 500 4961 Badaello
522 4910 583 4961 olim
612 4908 744 4962 Nemeaei
760 4924 804 4962 rea
819 4911 919 4974 fumat.
957 4909 998 4975 Of.
1018 4908 1138 4977 Gaufrls

172 4978 203 5030 ia
253 4976 346 5030 alletia
367 4975 405 5028 du
425 4975 811 5043 prot.t'r.1874p.839e.
849 4977 917 5030 Fuit
932 4993 998 5045 qens
1014 4981 1073 5032 cias
1089 4996 1136 5033 aa·

173 5047 255 5099 mirra
271 5044 348 5113 apud
364 5042 503 5111 Bituripea
514 5045 612 5113 (Haap
628 5044 661 5098 u.
673 5043 735 5106 286)
785 5047 868 5101 melai
881 5045 964 5114 aare
981 5046 1137 5114 sacraen-

173 5115 212 5166 eie
228 5113 314 5178 tiliam
332 5112 449 5165 darant
461 5112 517 5167 Leo
528 5112 712 5167 Gelladem'ae.
739 5113 856 5181 (Gale'ffe
872 5121 927 5168 not
937 5110 996 5182 yla.
1015 5115 1049 5169 11.
1061 5114 1135 5177 568.)

177 5178 264 5248 Quam
290 5197 318 5236 ee
346 5180 476 5249 Odrirur
501 5181 564 5234 olim
590 5182 653 5234 huie
679 5182 845 5246 familiarem
868 5182 956 5248 fuisse
973 5184 1047 5239 diem
1063 5192 1136 5252 paret

173 5263 232 5304 eun
247 5249 294 5304 iilo
307 5250 479 5318 praeamara
496 5249 554 5304 loco
570 5248 760 5318 praecariam.

1621 3682 1715 3750 25111.

1379 3852 1722 3949 ΡΒΙΠιΙιΙΝίῖιΕΒΠΒ
1744 3853 1956 3920 GALVINO.

1273 4024 1355 4089 lmlo
1376 4025 1499 4089 illilus
1520 4026 1794 4092 caviniacensem
1815 4029 1928 4108 respuit

1188 4211 1242 4276 (Ex
1265 4211 1431 4280 autographo
1455 4212 1537 4265 Arcb.
1559 4213 1647 4266 'furia
1668 4214 1738 4267 Plut.
1756 4212 1804 4266 VI.
1829 4214 1887 4266 Vol.
1907 4212 1965 4274 129,
1984 4216 2051 4268 olim
2070 4218 2163 4272 Seria.

1303 4280 1332 4333 B.
1352 4281 1421 4350 lipp.
1439 4280 1516 4334 Tem.
1533 4279 1577 4351 ³0,
1593 4281 1639 4338 iol.
1658 4282 1715 4335 320.
1737 4310 1765 4319 -
1786 4283 1883 4335 Simler
1901 4282 1963 4335 Vol.
1981 4281 2038 4350 88.)

1189 4466 1377 4532 Clarissimo
1400 4467 1470 4533 viro
1499 4468 1540 4532 D.
1565 4467 1683 4534 Ioanni
1705 4468 1843 4538 Calvino
1866 4469 2076 4539 Generensis
2108 4496 2162 4541 ee·

1187 4552 1305 4618 clasiae
1323 4553 1386 4618 fido
1408 4555 1537 4635 pastori,
1553 4553 1684 4654 domino
1700 4553 1835 4621 colendo
1857 4565 1890 4620 et
1907 4556 2002 4621 fratri
2025 4579 2088 4625 suo
2108 4582 2161 4627 aa·

1601 4661 1737 4706 rissrmo.

1272 4809 1306 4876 S.
1332 4811 1371 4875 D.
1400 4811 1540 4876 Brevior
1574 4831 1657 4887 sum,
1684 4811 1910 4878 colendissimo
1938 4813 1984 4877 mi
2017 4813 2159 4898 Calvina

1186 4895 1287 4961 frater
1313 4895 1349 4961 in
1376 4896 1518 4961 Domino
1546 4896 1719 4975 carissime,
1742 4896 1827 4981 quod
1847 4898 1990 4982 optimus
2011 4899 2069 4966 bio
2092 4903 2160 4968 fra·

1186 4989 1236 5045 ter
1267 4991 1299 5048 et
1327 4990 1511 5067 symmysta
1537 4990 1649 5047 nostra
1676 4985 1784 5048 omnia
1811 4986 1930 5050 rectius
1952 4986 2056 5066 possit
2080 5008 2160 5054 nar-

1187 5087 1259 5131 rare
1298 5089 1394 5152 quam
1433 5089 1493 5152 ego
1533 5066 1680 5133 scribere.
1725 5067 1797 5153 Ego
1829 5090 1887 5152 pro
1919 5090 1992 5134 meo
2026 5072 2062 5135 in
2099 5096 2159 5141 ros

1186 5173 1304 5232 amore,
1327 5154 1533 5219 observantia
1554 5163 1588 5218 et
1608 5153 1723 5232 studio,
1744 5175 1828 5236 quae
1849 5154 1941 5237 potui
1957 5153 2030 5222 feci.
2067 5157 2160 5226 Puto

1186 5238 1421 5320 amplissimum
1471 5239 1512 5302 D.
1543 5239 1717 5305 Consulem
1746 5261 1813 5305 una
1841 5261 1915 5307 cum
1943 5248 2062 5307 senatu
2088 5265 2169 5323 nrm¹
