4754 5880
75 353 137 415 169

161 539 282 604 Postea
299 540 407 605 iussus
428 559 540 603 suma
562 559 662 604 coena
685 536 797 604 eodem
820 537 892 620 ipso
916 537 967 601 die
990 560 1045 601 vo·

73 628 146 690 nire
164 624 206 690 ad
235 626 367 689 hortum
389 625 563 708 Principis,
586 635 624 688 nt
645 644 720 690 cum
741 623 812 706 ipso
834 622 1045 706 colloquerer.

74 709 173 793 Quod
210 721 242 775 et
276 711 399 776 factum
431 719 490 776 est.
538 713 588 776 Ac
626 711 769 794 primum
802 709 871 773 dixi
899 709 1047 791 Principi

73 796 170 879 quod,
197 802 408 880 posteaquam
436 816 628 879 responsum
658 794 872 862 Oelsitudinis
899 816 976 859 suae
1006 795 1047 859 ab

73 882 180 964 ipsius
212 883 406 948 consiliariis
435 883 638 964 accepissem,
673 902 739 945 non
768 881 849 945 mihi
882 891 1047 961 putassem

74 967 260 1034 abeundum
288 988 359 1033 esse
383 969 448 1033 nisi
475 967 561 1032 dioto
590 967 662 1032 vale
684 988 763 1032 suae
785 966 1048 1042 Celsitndini,·et

74 1054 156 1119 actis
167 1054 280 1137 gratiis
302 1053 387 1136 quod
409 1075 462 1118 me
485 1074 645 1119 eosecum
668 1055 714 1117 ita
724 1062 882 1129 vocasset,
906 1052 1048 1135 benigne

72 1138 142 1205 illie
171 1139 348 1221 accepisset
377 1148 436 1205 etc.
477 1140 534 1203 Me
562 1139 671 1203 dolere
698 1137 827 1222 quidem
852 1135 936 1219 quod
959 1138 1046 1202 aliud

73 1224 157 1288 nihil
184 1225 377 1307 praestitum
400 1226 515 1290 fuisset
534 1226 567 1289 in
590 1235 701 1288 nostro
723 1222 882 1305 colloquio
904 1243 977 1286 cum
1000 1226 1048 1307 ip-

73 1311 141 1376 sius
166 1309 334 1394 theologis.
379 1311 436 1375 Me
463 1330 542 1375 sane
571 1310 721 1374 unanimi
749 1318 783 1374 ct
810 1309 1047 1392 scripturarum

73 1405 107 1461 et
135 1396 289 1461 ecelesiae
322 1395 499 1462 catholicae
521 1415 681 1460 consensu
703 1398 738 1459 in
756 1415 829 1458 mea
850 1395 1048 1460 conscientia

73 1481 259 1546 convictum
292 1503 311 1546 a
340 1502 413 1546 mea
443 1481 592 1547 doctrina
622 1502 686 1544 non
710 1501 804 1563 posse
825 1479 990 1544 discedere
1011 1481 1047 1544 in

71 1566 217 1631 ullorum
247 1567 418 1631 hominnm
446 1568 595 1650 gratiam,
629 1565 714 1649 quod
742 1567 850 1648 ipsum
868 1565 988 1649 alioqui
1006 1587 1047 1630 ne

72 1652 261 1734 Principem
283 1653 414 1734 quidem
436 1654 544 1736 ipsum
563 1674 582 1716 a
601 1674 652 1716 me
675 1654 853 1735 petiturum
876 1671 947 1716 esse
969 1671 1046 1716 eon·

71 1737 223 1802 fiderem:
246 1759 351 1821 neque
369 1738 599 1804 causamhanc
617 1759 669 1802 mc
700 1737 801 1802 solius
812 1757 892 1814 osse,
916 1747 953 1801 nt
974 1757 1045 1801 eam

72 1822 162 1888 solus
190 1823 261 1906 ipse
294 1826 499 1901 sustinerem,
533 1824 590 1888 scd
623 1824 703 1887 alios
735 1843 863 1905 quoque
893 1822 1046 1887 advocari

71 1917 221 1990 oportere
244 1910 273 1973 si
290 1931 342 1974 res
364 1912 448 1976 serio
470 1910 603 1973 tractari
626 1909 768 1974 deberet.
803 1907 972 1992 Optarem.
994 1908 1046 1971 in·

71 1995 143 2077 quit
160 1995 330 2078 Princeps,
353 1994 387 2060 id
399 2016 494 2078 posse
513 1995 594 2072 fieri,
616 1995 673 2059 sed
692 1992 825 2058 modum
848 2014 914 2058 non
935 1994 1045 2058 video:

71 2102 131 2162 ego
154 2081 242 2145 enim
265 2080 298 2145 id
320 2081 411 2146 solus
433 2082 540 2146 facere
558 2102 624 2145 non
643 2101 774 2162 possum
787 2080 915 2144 etiamsi
939 2079 1045 2143 velim.

71 2166 164 2231 Alios
198 2186 276 2230 vero
308 2167 472 2250 principes
506 2168 566 2231 vix
598 2176 679 2248 puto
710 2165 776 2230 huc
809 2165 917 2230 induci
942 2185 1044 2248 posse.

71 2250 140 2316 Sed
163 2251 291 2331 vellem,
314 2254 430 2336 inquit,
450 2273 508 2319 vos
526 2252 680 2316 assentiri
692 2252 906 2334 Augustanae
921 2252 1045 2316 confes-

70 2339 155 2403 sioni
177 2338 307 2403 omissis
324 2336 476 2404 omnibns
487 2332 732 2419 exceptionibus
752 2351 785 2401 et
806 2335 1045 2401 conditionibus

70 2425 104 2487 in
133 2423 194 2488 hac
222 2424 444 2490 controversia
476 2424 738 2488 sacramentaria.
784 2421 836 2487 Ad
866 2423 946 2488 haec
967 2443 1043 2506 ego:

70 2531 128 2574 nos
151 2510 185 2572 in
205 2508 266 2575 hae
282 2511 502 2575 controversia
523 2508 653 2592 planius
675 2518 708 2572 et
730 2507 910 2590 simplicius
928 2508 1043 2572 testari

69 2615 138 2659 non
173 2615 267 2677 posse
295 2595 532 2661 confessionem
567 2607 714 2659 nostram
739 2615 812 2659 cum
848 2595 1044 2678 Augustana

69 2681 245 2746 convenire
256 2700 353 2764 quam
372 2680 450 2745 dnm
467 2702 534 2745 non
546 2678 696 2762 equidem
707 2680 838 2757 nostris,
861 2679 1043 2762 sedipsius-

70 2775 139 2831 met
167 2764 277 2832 verbis
304 2765 476 2850 loquimur,
500 2776 532 2831 et
553 2764 594 2831 ab
614 2767 655 2829 iis
677 2766 731 2847 qni
753 2785 814 2829 nos
831 2763 1042 2830 dissensionis

69 2853 180 2918 nescio
209 2852 302 2918 euius
329 2853 523 2917 insimulant
549 2851 633 2915 nihil
651 2872 789 2933 usquam
811 2850 1041 2916 commonstari

69 2938 204 3003 omnino
223 2939 336 3020 possit,
357 2958 462 3021 neque
481 2938 518 3002 in
533 2937 702 3021 ipsa'Aug.
716 2936 917 3001 confessione
934 2957 1041 3020 neque

68 3025 103 3088 in
118 3024 190 3088 eins
203 3024 361 3108 Apologia
372 3045 479 3107 neque
495 3025 530 3088 in
548 3024 629 3089 actis
646 3023 726 3087 item
736 3023 1041 3105 Ratispcnensibus,

69 3108 156 3192 quod
179 3108 273 3174 nobis
300 3111 418 3193 opponi
444 3110 554 3192 possit
602 3108 678 3173 Non
705 3128 775 3173 esse
797 3108 831 3172 id
853 3106 983 3190 quidem
1005 3108 1040 3172 in

68 3214 171 3260 manu
193 3201 307 3260 nostra
329 3204 365 3260 nt
388 3195 559 3260 hominum
583 3193 623 3258 de
645 3194 739 3259 nobis
758 3193 957 3277 praeiudicia
978 3193 1040 3259 tol-

68 3279 175 3346 lamus
205 3288 263 3345 aut
292 3281 456 3358 sistamus,
485 3278 543 3345 sed
571 3279 682 3345 Deum
709 3280 788 3344 fore·
800 3280 877 3344 olim
900 3278 1040 3345 iudicem

69 3366 187 3432 horum
220 3367 375 3432 omnium.
427 3367 483 3433 Me
511 3367 643 3431 interim
673 3367 714 3431 ab
743 3366 813 3430 eius
839 3365 1042 3431 celsitudine

68 3452 130 3517 hoo
155 3460 267 3535 petere
288 3474 331 3518 ne
352 3473 413 3518 nos
434 3451 619 3535 praefracta
641 3450 709 3516 ulla
735 3452 837 3516 animi
858 3452 964 3516 nostri
985 3452 1041 3516 ob-

70 3539 248 3604 stinatione
269 3546 328 3603 ant
345 3538 527 3621 pervicacia
547 3538 583 3601 in
595 3537 743 3603 doctrina
765 3544 878 3602 nostra
895 3545 1042 3619 perstare

67 3631 170 3706 putet,
193 3622 349 3707 sedquod
370 3623 519 3688 unanimi
541 3634 575 3688 et
596 3624 833 3706 scripturarum
851 3631 884 3686 et
905 3622 1042 3688 catholi-

69 3729 124 3775 cae
146 3710 301 3775 eeclesiae
331 3708 551 3775 consonando
573 3709 643 3774 eius
664 3709 804 3773 veritate
826 3709 968 3774 convicti
989 3730 1042 3774 re·

70 3795 185 3860 oedere
212 3795 252 3860 ab
280 3795 339 3861 illa
366 3803 439 3860 tuta
466 3802 579 3860 nostra
600 3794 798 3860 conscientia
814 3793 850 3857 in
873 3795 1042 3859 hominum

128 3882 210 3945 tiam
238 3902 304 3946 non
331 3881 502 3964 possimus.
544 3880 684 3945 Interim
714 3879 823 3944 Deum
852 3901 923 3945 esse
944 3899 1041 3944 oran-

90 3988 147 4031 nm
177 3973 214 4031 ut
240 3988 300 4032 nos
323 3965 496 4049 aliquando
525 3965 624 4032 simul
651 3985 765 4030 omnes
782 3964 870 4030 idem
888 3967 986 4031 faciat
1008 3974 1041 4029 et

69 4053 191 4117 sentire
209 4061 243 4116 et
263 4053 352 4135 loqui
375 4052 416 4117 ad
434 4052 572 4136 gloriam
593 4052 645 4116 sui
666 4052 809 4116 nominis
831 4062 865 4115 et
885 4050 1040 4117 ecclesiae

68 4158 146 4202 suae
168 4138 435 4220 pacificationem.
474 4138 539 4204 Hic
568 4138 727 4218 Princeps
751 4135 931 4220 respondit:
965 4135 1040 4202 Uti-

68 4245 146 4288 nam
168 4224 202 4288 id
223 4225 297 4289 fiatl
320 4225 463 4289 ntinaml
507 4224 581 4308 Ego
603 4241 696 4288 vero:
740 4222 955 4305 Posteaquam
974 4231 1040 4301 tua,

68 4310 214 4392 inquam,
242 4307 409 4375 Celsitudo
432 4308 466 4372 id
492 4310 539 4373 ita
565 4314 666 4391 optat,
695 4315 783 4373 certe
812 4307 846 4372 id
866 4329 1040 4392 procurare

68 4395 168 4459 ctiam
198 4401 256 4459 tua
283 4393 463 4473 Oelsitudo,
486 4415 662 4477 eorumque
679 4402 815 4460 conatus
832 4394 887 4475 qui
908 4393 943 4459 id
964 4414 1040 4476 pro·

69 4487 186 4545 curant
209 4478 365 4546 adiuvare
398 4480 538 4558 deberet,
566 4480 686 4563 alioqui
707 4499 772 4562 quo
793 4486 889 4563 pacto
909 4478 942 4547 id
964 4499 1041 4545 vere

68 4574 219 4648 optemus
254 4565 339 4648 qnod
367 4587 432 4631 non
466 4567 565 4632 etiam
593 4572 705 4631 nostra
732 4565 820 4630 ririli
848 4582 1041 4648 promovea-

69 4649 167 4715 mus?
222 4650 406 4736 Respondit
436 4651 506 4717 ille:
563 4651 698 4716 Faciam
730 4650 880 4730 libenter,
912 4650 941 4716 si
973 4649 1040 4716 ullo

68 4737 163 4804 modo
191 4737 330 4820 possim,
353 4737 411 4803 sed
434 4737 538 4812 solus,
559 4736 683 4820 inquit,
706 4735 792 4800 nihil
812 4735 867 4800 hic
895 4755 1039 4818 possum.

69 4825 180 4907 Atque
201 4821 255 4888 hio
277 4824 381 4888 nostri
402 4822 551 4906 colloquii
573 4822 648 4888 finis
669 4821 740 4898 fnit,
762 4841 886 4904 egoque
908 4821 1040 4887 demum

69 4909 199 4975 reniam
216 4908 358 4975 abeundi
379 4908 495 4974 abillo
516 4908 595 4991 petii
612 4908 707 4991 eique
728 4905 879 4972 valedixi.

452 5201 652 5211 ----

967 353 1047 415 reos
1068 346 1165 417 MAI.
1239 320 1244 330 ’

1537 537 1636 611 24⁰5.

1374 691 1610 759 OALVINUS
1633 691 1796 760 LASOO.

1185 862 1360 932 acceium
1388 863 1532 944 mlloquc'i
1564 885 1635 930 cum
1671 865 1861 931 Miconis
1888 868 2072 935 instituendi

1098 970 1159 1014 noa
1181 950 1306 1014 manino
1318 949 1479 1030 improbat,
1503 951 1566 1014 isne
1586 951 1659 1015 inde
1672 971 1781 1034 parem
1802 952 1964 1018 mneiliort
1978 975 2073 1035 posse

1098 1040 1206 1116 sperat
1234 1035 1390 1116 quidquid
1414 1035 1521 1100 ddunt
1546 1036 1739 1103 Taricensee
1788 1037 1902 1102 Verum
1925 1040 2071 1104 adverso-

1098 1122 1161 1184 riis
1190 1121 1260 1184 istis
1288 1121 1450 1185 aenimate
1471 1120 1552 1185 nihil
1573 1123 1803 1188 accedendum.
1846 1121 1930 1188 Scae
1951 1145 2071 1191 concon

1098 1207 1172 1272 dioc
1193 1206 1366 1271 aeirem
1388 1206 1540 1287 cumdio.

1100 1377 1261 1446 (Exemplar
1279 1377 1406 1444 princeps
1424 1376 1565 1430 lonrillaei
1582 1376 1647 1431 (lod.
1666 1377 1767 1431 Gener.
1789 1377 1860 1445 107¹,
1884 1381 1929 1433 rol.
1948 1380 2006 1447 302,
2024 1382 2070 1436 de·

1098 1446 1207 1514 scripsit
1220 1446 1379 1499 Turratinns
1392 1443 1459 1497 Ood.
1479 1444 1537 1510 108,
1556 1445 1600 1499 fol.
1620 1444 1677 1510 170,
1695 1446 1766 1500 hunc
1782 1447 1909 1502 librarius
1924 1450 2070 1504 Barnousis

1166 1515 1236 1583 Epp.
1248 1514 1309 1569 VII.
1326 1531 1352 1583 p.
1370 1512 1456 1566 4801
1474 1530 1528 1582 quo
1546 1531 1623 1567 snum
1640 1515 1705 1568 tecit
1723 1517 1851 1570 Simlerns
1869 1517 1927 1570 Vol.
1945 1516 2002 1583 et.)

1309 1697 1314 1708 ·
1376 1683 1419 1749 D.
1437 1683 1553 1749 Ioanni
1576 1707 1596 1749 a
1617 1685 1725 1752 Lasco
1753 1691 1779 1769 ¹)

1183 1854 1217 1921 S.
1251 1854 1384 1938 Spiram
1413 1866 1445 1920 te
1474 1857 1651 1935 venissen
1682 1857 1867 1923 venerande
1897 1861 2006 1939 frater,
2032 1872 2070 1927 ut

1097 1941 1137 2007 de
1169 1941 1376 2024 impetrando
1410 1940 1570 2024 colloquio
1599 1942 1720 2025 aliquid
1755 1952 1909 2024 tentares,
1943 1945 2070 2029 pridem

993 2079 999 2091 .
1097 2029 1245 2111 cognovi,
1268 2034 1338 2091 tum
1362 2046 1403 2090 ex
1425 2048 1537 2092 eorum
1560 2028 1666 2092 relatu
1683 2030 1738 2112 qui
1761 2029 1838 2095 illac
1859 2033 2069 2111 transierant,

1096 2123 1167 2178 tum
1201 2114 1300 2177 etiam
1334 2134 1376 2177 cx
1409 2111 1613 2195 quorundam
1640 2114 1757 2180 literis.
1801 2115 1888 2196 Quia
1920 2138 1999 2181 vero
2028 2119 2069 2184 de

1096 2218 1249 2265 successu
1290 2219 1395 2281 neque
1433 2209 1470 2262 tu
1502 2198 1640 2264 verbnm
1680 2201 1841 2283 scripsisti
1880 2222 1940 2266 nec
1983 2203 2068 2269 alius

1095 2286 1276 2367 quisquam
1300 2305 1342 2348 ex
1358 2283 1488 2349 silentio
1508 2285 1643 2350 coniicio
1665 2284 1750 2351 nihil
1771 2296 1882 2352 actum
1904 2309 1983 2353 esse.
2023 2289 2069 2354 llt

1096 2391 1176 2435 sane
1198 2369 1231 2433 id
1252 2389 1382 2453 semper
1399 2390 1460 2453 ego
1482 2370 1593 2435 timui:
1614 2390 1691 2436 nam
1715 2384 1748 2436 et
1768 2372 1805 2436 in
1826 2371 1980 2438 curandis
2002 2376 2068 2456 pie-

1096 2456 1173 2520 tatis
1201 2456 1341 2539 negotiis
1367 2465 1445 2519 nota
1473 2464 1524 2520 est
1551 2457 1735 2540 principum
1764 2458 1916 2524 mollities
1945 2481 1982 2525 ac
2000 2472 2068 2524 tar-

1096 2541 1181 2606 ditas
1211 2543 1260 2620 (et
1286 2562 1387 2623 quum
1416 2538 1457 2605 ab
1484 2540 1601 2606 alienis
1630 2542 1773 2610 consiliis
1801 2545 1867 2610 fere
1892 2545 2067 2628 pendeant,

1095 2648 1218 2711 magna
1246 2649 1288 2691 ex
1311 2634 1404 2707 parte
1424 2626 1518 2691 nobis
1540 2647 1655 2708 parum
1674 2648 1745 2693 esse
1762 2630 1918 2713 propitios
1940 2637 2069 2697 constat

1017 2766 1023 2778 .
1094 2734 1114 2778 a
1135 2713 1251 2795 quibus
1269 2709 1454 2796 reguntur).
1465 2715 1490 2794 ³)
1529 2712 1601 2777 Iam
1618 2713 1696 2779 facit
1717 2713 1873 2781 adversae
1896 2716 1997 2797 partis
2016 2718 2068 2781 fu·

1094 2798 1184 2864 rialis
1205 2798 1384 2881 pertinacia
1405 2806 1443 2862 nt
1464 2799 1602 2864 amicam
1614 2800 1841 2866 tractationem
1864 2803 1957 2885 qnasi
1978 2787 2068 2868 cdioss

1092 2906 1162 2950 sam
1185 2904 1297 2949 omnes
1319 2883 1493 2967 refugiant.

1177 2968 1268 3034 Nihil
1305 2979 1414 3035 tamen
1450 2969 1532 3034 mihi
1571 2969 1677 3055 magis
1710 2970 1874 3054 displicuit
1906 2995 2003 3056 quam
2034 2982 2068 3040 te

1092 3055 1226 3121 consilia
1243 3075 1317 3120 cum
1337 3054 1675 3139 Veryetomisoorem
1698 3056 1791 3122 cuins
1812 3057 1955 3124 hominis
1977 3061 2068 3124 rani·

1093 3149 1194 3207 tatem
1224 3140 1283 3205 tibi
1312 3162 1377 3205 non
1396 3141 1491 3207 citius
1513 3142 1678 3226 cognitam
1687 3143 1715 3219 ⁶)
1733 3142 1834 3209 luisse
1851 3145 1953 3210 miror
1971 3146 2069 3222 (mihi

1093 3235 1180 3292 certe
1190 3225 1346 3310 quidquid
1362 3226 1418 3290 ills
1431 3225 1622 3311 aggreditur
1631 3236 1819 3311 suspectum
1830 3231 1903 3309 est).
1926 3230 2067 3311 Quodsi

1092 3312 1218 3377 felicius
1248 3333 1302 3376 res
1336 3311 1430 3377 cedat
1459 3332 1556 3394 quam
1584 3335 1672 3379 nunc
1700 3314 1852 3379 existimo
1875 3325 1908 3380 et
1937 3316 2068 3382 animus

1093 3418 1222 3480 semper
1256 3396 1339 3461 mihi
1376 3398 1586 3481 praesagivit,
1611 3418 1678 3462 non
1707 3398 1820 3464 dubito
1848 3410 1958 3466 tamen
1987 3402 2067 3485 quin

1092 3687 1185 3741 uec.
1197 3687 1223 3748 l)
1244 3684 1376 3740 Calvinus
1392 3703 1428 3740 ιιι.
1445 3702 1508 3754 ppr.

1192 3754 1223 3820 2)
1244 3753 1306 3810 Otto
1324 3755 1464 3811 Bessicae
1482 3755 1557 3824 prid.
1577 3755 1652 3811 Non.
1669 3756 1741 3824 Apr.
1757 3757 1931 3826 promulgata
1953 3758 2008 3827 tere
2026 3774 2065 3814 cc·

1090 3824 1243 3880 ιῑιιίαιιίια
1259 3824 1479 3889 reformationem
1497 3824 1681 3889 imhocvaot,
1700 3830 1725 3879 et
1736 3826 1874 3894 quideme
1926 3827 2065 3882 «armus

1091 3896 1150 3949 suo
1175 3893 1305 3960 molegio
1329 3892 1370 3947 M.
1389 3891 1496 3947 Dilkvo
1520 3899 1545 3947 ct
1569 3893 1606 3945 Η.
1628 3892 1738 3947 &oleae
1764 3893 1859 3960 (Stoa)
1885 3912 1905 3962 p
1925 3895 2063 3964 clippista's,

1090 3962 1224 4017 dococto
1248 3966 1338 4015 tamen
1360 3964 1441 4016 enam
1461 3960 1633 4016 Mortceltio.
1669 3961 1777 4015 nasas
1795 3978 1858 4031 arpo
1879 3965 1964 4028 facile
1981 3964 2066 4018 Palo·

1090 4029 1264 4087 licomedirc
1277 4035 1387 4097 poterat
1402 4045 1518 4096 operosa
1538 4029 1600 4096 sora
1617 4036 1649 4084 at
1664 4030 1709 4084 aa
1726 4031 1888 4086 mordico
1905 4032 1939 4085 dc
2020 4048 2064 4087 aa·

1089 4101 1197 4169 thcbct
1213 4113 1325 4152 maan
1339 4099 1488 4166 marcac.
1524 4098 1619 4167 Altino
1637 4098 1699 4154 tici.
1718 4100 1779 4154 cccl.
1795 4099 1852 4166 pal.
1868 4116 1896 4179 p.
1917 4099 1947 4152 17
1972 4122 1979 4151 r
1998 4101 2064 4154 Otto

1090 4169 1223 4223 Henricus
1246 4166 1464 4220 reformationem
1483 4167 1597 4220 confecit
1620 4183 1704 4235 opera
1726 4167 1876 4221 M.Diller1
1900 4170 1947 4236 qui
1970 4176 2064 4223 noster

1091 4240 1122 4302 (i.
1141 4252 1162 4291 c.
1183 4235 1349 4300 Calvisiatc)
1368 4236 1427 4301 init,
1444 4241 1473 4288 et
1490 4235 1652 4301 Marbachii,
1675 4252 1739 4289 usus
1761 4243 1853 4289 tamen
1870 4237 1988 4290 considis
2007 4238 2063 4291 Me·

1089 4303 1260 4360 lanchthonis
1284 4304 1349 4358 item
1389 4304 1467 4357 eIo.
1486 4320 1502 4356 a
1519 4305 1605 4359 hasco
1627 4304 1673 4373 qui
1697 4304 1895 4374 Heidelbergae
1918 4321 1978 4358 curn
2001 4307 2062 4375 ipso

1090 4376 1143 4429 init
1166 4391 1190 4426 a.
1208 4370 1277 4426 1548
1299 4379 1327 4425 st
1345 4320 1420 4426 litt.
1456 4372 1585 4427 Bertram
1656 4369 1723 4426 ata.-
1750 4373 1840 4427 Unter
1861 4372 2062 4429 messallam·

1685 4440 1829 4495 liilaischen
1846 4441 1902 4494 und
1919 4445 2060 4498 vortant.

1090 4444 1154 4497 een
1170 4441 1246 4495 nee
1257 4440 1359 4495 naon
1377 4440 1525 4495 senonens
1543 4458 1578 4494 n
1595 4388 1648 4494 ἔζη

1091 4512 1147 4566 Hol'
1160 4528 1206 4564 um
1224 4526 1259 4562 sn
1275 4509 1450 4579 densclbigcn
1473 4510 1552 4563 einen
1571 4509 1673 4563 Versus
1709 4527 1742 4562 ru
1759 4510 1839 4579 demj.
1857 4510 1989 4564 Friadsns
2006 4513 2061 4565 und
2144 4568 2150 4585 ,

1090 4577 1292 4635 Unicus-work
1316 4595 1350 4630 an
1375 4579 1443 4631 thnn
1468 4578 1553 4632 demit
1579 4594 1609 4632 οι·
1635 4594 1688 4631 ron
1714 4594 1745 4632 so
1771 4578 1860 4633 riclen
1886 4578 1985 4635 lahren
2011 4582 2062 4635 her

1091 4650 1250 4778 schwsngr
1266 4662 1416 4716 gegangon.

1098 4788 1103 4798 .
1218 4785 1223 4796 ¹
1241 4716 1323 4770 oeta
1339 4716 1370 4769 ιἰι
1385 4713 1543 4783 parenthesi
1556 4715 1648 4782 posita
1663 4712 1795 4770 Celsinus
1811 4730 1846 4770 ιιι.
1860 4730 1924 4784 ppr.
1942 4720 2063 4787 margins·

1091 4789 1282 4919 tamam
1301 4849 1338 4906 N·
1355 4849 1433 4932 24³⁶·
1470 4851 1613 4933 raama
1633 4850 1747 4932 ocae
1764 4858 1904 4934 renea·
1929 4860 1991 4934 ιιι
2012 4871 2062 4936 ,ιι

1090 4918 1459 5046 mittamini
1477 4920 2061 5061 d'l'tdlifssa‘lltiffltliald

1089 5060 1318 5191 miiaiin·
1335 5125 1468 5195 agnam
1485 5126 1498 5180 ι
1516 5140 1545 5181 e
1558 5125 1586 5181 c.
1598 5127 1800 5195 memes.
1826 5127 1917 5181 nsua
1933 5127 2061 5184 tacea-

1090 5197 1349 5333 wsssw.
1384 5192 1443 5262 Quo
1527 5195 2059 5265 ommoimaddtditquaepcm·
