4754 5880
257 307 320 368 147

260 512 343 556 mus.
388 490 631 555 Demmartinna
659 489 760 554 variis
785 486 944 554 derebus
967 508 1095 552 mecum
1117 487 1232 571 loquu-

260 586 314 642 tus
341 585 399 641 est.
446 573 498 639 De
537 574 672 640 ecclesia
704 573 885 639 Parisiensi
917 573 1112 638 mandatnm
1146 572 1233 656 quod

261 663 376 728 retulit
397 672 430 725 te
454 657 580 725 dedisse
608 680 667 724 eur
696 659 776 722 mihi
804 680 869 723 non
895 658 1026 733 dixeris,
1056 680 1164 745 quum
1180 659 1235 725 hic

261 768 367 831 nuper
400 767 497 821 esses,
535 747 673 810 miratus
705 766 788 808 sum.
841 744 1067 827 Responsione
1096 745 1235 809 fratrum

263 835 396 916 gavisus
426 853 515 908 sum,
550 844 587 895 ut
618 828 723 896 debui.
769 830 836 895 Sed
866 833 941 912 quia
975 830 1164 896 missionem
1193 832 1234 896 ab

263 919 400 984 ecelesia
431 938 490 982 sna
523 938 589 981 non
622 917 718 998 petiit
744 916 943 1000 Enardas,³)
969 917 1030 982 hoc
1051 938 1161 981 meum
1185 924 1236 981 est

263 1004 452 1070 eonsilium:
497 1001 604 1066 Simul
635 1022 672 1066 ac
696 1000 890 1067 Merellonas
918 1002 958 1066 ad
989 1023 1047 1066 nos
1070 1003 1236 1086 appulerit

263 1089 445 1172 urgendum
469 1110 539 1153 esso
561 1088 844 1172 prosectionem.⁴)
886 1089 971 1152 Nam
996 1087 1052 1152 ubi
1075 1089 1137 1153 sibi
1160 1110 1235 1173 pro-

263 1188 411 1260 spectum
439 1195 508 1238 esse
537 1173 741 1238 Parisienses
769 1173 973 1257 intelligent,
1005 1174 1123 1238 melius
1146 1174 1235 1239 dete-

262 1270 359 1344 getur
392 1279 504 1324 eorum
533 1258 696 1323 voluntas.
749 1259 845 1338 Quod
871 1259 899 1322 si
932 1260 973 1324 de
995 1259 1128 1325 Eecardo
1157 1260 1235 1326 reti·

262 1343 592 1421 nendocontendant,
605 1346 682 1425 quia
705 1356 811 1409 temen
835 1344 919 1409 liber
940 1365 1007 1411 non
1031 1354 1090 1422 est,
1107 1357 1236 1429 tempus

263 1432 326 1497 sibi
348 1431 389 1496 ad
412 1431 582 1496 eeclesiam
606 1429 777 1495 visendam
799 1432 986 1514 postulabit.
1019 1431 1086 1497 Sed
1109 1435 1234 1497 uanam

262 1518 355 1583 brevi
375 1518 548 1584 incolumis
571 1514 656 1581 adsit
673 1515 876 1593 Maecenas,
900 1526 937 1581 ut
959 1518 1029 1582 eius
1052 1520 1236 1599 praesentia

263 1604 385 1668 certius
407 1601 576 1668 consilium
600 1603 694 1667 nobis
712 1601 906 1684 suppeditet.

349 1688 401 1753 De
434 1699 598 1754 conventu
625 1710 690 1752 non
720 1689 824 1752 audeo
849 1692 936 1754 sicut
964 1689 1060 1752 multi
1078 1696 1237 1771 cuperent

262 1784 420 1859 satagere.
465 1772 554 1839 Satis
576 1788 626 1837 est
647 1795 720 1837 meo
742 1774 870 1850 iudicio,
889 1774 976 1856 quod
998 1775 1140 1859 ingenue
1162 1796 1236 1858 pro·

262 1863 365 1938 fiteor‚
396 1862 424 1924 si
449 1879 596 1925 accersor
625 1880 678 1923 me
700 1873 850 1941 paratum
875 1861 951 1925 fore.
989 1861 1142 1944 Tigurini
1165 1861 1235 1944 qui·

263 1947 336 2011 dem
359 1947 405 2011 sic
428 1946 616 2021 abhorrent,
648 1957 686 2008 ut
707 1946 878 2010 subeunda
899 1947 942 2010 sit
964 1967 1076 2011 eorum
1099 1947 1236 2012 offensio
1312 1997 1318 2011 .

262 2033 290 2096 si
313 2031 474 2098 accedam.
519 2031 634 2113 Nuper
661 2031 787 2112 prolixe
818 2053 1008 2114 summaque
1032 2033 1239 2097 vehementia

263 2140 282 2183 a
304 2139 357 2181 me
366 2116 536 2182 contendit
549 2117 755 2200 Ballinpcrns
773 2129 810 2181 ut
833 2119 912 2183 haec
935 2117 1112 2201 dequibus
1131 2139 1237 2182 sermo
1333 2171 1338 2183 .

262 2203 402 2268 habetur
430 2203 566 2268 exordia
594 2201 833 2284 abrumperem.
843 2205 871 2281 ὁ)
916 2204 1001 2268 Mihi
1031 2202 1163 2286 quidem
1182 2204 1237 2268 de-

262 2299 386 2355 cretum
410 2303 460 2353 est
479 2310 542 2352 non
563 2285 713 2369 obsequi:
737 2289 794 2353 sed
806 2289 992 2365 concedent,
1017 2290 1142 2371 opinor,
1162 2291 1237 2355 boni

262 2395 375 2440 omnes
394 2376 459 2439 tale
477 2373 557 2438 mihi
569 2383 876 2456 temperamentum,
893 2397 936 2440 ne
949 2375 1104 2441 obiiciant
1125 2375 1172 2440 illi
1184 2396 1237 2440 me

263 2461 361 2524 nimis
393 2459 510 2542 cupide
535 2460 710 2542 quidquam
740 2459 891 2525 molitum
914 2481 994 2526 csse.
1040 2461 1093 2525 Ita
1121 2461 1236 2527 iustior

263 2547 326 2612 crit
347 2548 513 2610 excusatio
534 2546 562 2609 si
585 2544 720 2627 posthac
739 2567 855 2630 negem
878 2547 959 2610 mihi
982 2548 1031 2612 ias
1049 2569 1130 2625 esse,
1148 2546 1236 2630 quod

262 2631 367 2696 altera
384 2652 461 2713 pars
480 2631 674 2712 colloquium
697 2644 785 2714 petet
806 2636 964 2714 refugere.

347 2715 462 2782 Petras
489 2716 618 2800 Mertpr
648 2717 810 2798 Tigurum
827 2717 1024 2801 conceditl)
1047 2717 1131 2802 quod
1153 2718 1235 2782 mihi

260 2801 413 2868 credibile
441 2824 509 2866 non
538 2812 624 2867 erat:
654 2802 712 2868 sed
741 2804 810 2886 ipse
839 2811 935 2885 putat
954 2803 1154 2887 patefactum
1173 2804 1234 2869 sibi

260 2889 386 2953 exitum
416 2908 480 2971 quo
498 2896 650 2971 erumpat
671 2889 705 2952 in
728 2888 922 2954 libertatem.
967 2888 1131 2955 Dominus
1152 2889 1235 2956 bene

258 2981 376 3038 vertat.
421 2973 509 3054 Quid
536 2973 601 3039 iam
631 2974 786 3040 ecelesiae
807 2975 1044 3059 Argentinensi
1065 2976 1237 3042 immineat

218 3082 220 3090 ·
260 3059 391 3138 coniice,
412 3081 512 3143 quum
535 3080 573 3124 eo
596 3069 768 3142 praesente
786 3081 851 3126 non
873 3060 1097 3128 dubitaverint
1119 3059 1235 3127 adver·

260 3145 339 3210 sarii
360 3146 396 3210 in
419 3167 478 3212 nos
495 3146 604 3228 palam
626 3146 787 3212 bacchari.
799 3150 828 3223 ⁷)
872 3148 1037 3213 Dominus
1059 3167 1136 3232 ergo
1159 3148 1235 3214 huic

260 3232 399 3296 miserae
420 3229 625 3314 dissipationi
646 3232 824 3298 medeatur.

346 3316 464 3382 Febris
490 3317 646 3383 hesterno
673 3338 806 3383 accessu
835 3318 1018 3385 valedicere
1052 3319 1134 3383 mihi
1162 3320 1236 3386 visa

261 3406 353 3481 est.⁸)
382 3402 435 3468 Ita
451 3406 572 3486 absque
590 3403 658 3467 ulla
675 3403 803 3469 sudoris
814 3411 907 3488 gutta
916 3405 1082 3471 Dominus
1100 3405 1237 3472 eluctari

262 3487 359 3569 dedit,
381 3489 445 3554 nisi
469 3487 554 3571 quod
575 3488 728 3554 ultimum
746 3511 957 3573 congressum
979 3511 1052 3556 cras
1073 3500 1235 3575 exspecto,

261 3596 282 3639 a
303 3595 367 3658 quo
388 3595 442 3639 me
463 3571 615 3639 liberabit
635 3574 722 3639 idem
746 3576 816 3659 ipse
837 3576 1008 3641 Dominus.
1054 3577 1138 3642 Ilius
1159 3598 1234 3660 gre·

262 3660 327 3725 tiae
349 3672 383 3724 et
405 3660 566 3743 praesidio
594 3673 626 3725 te
649 3661 848 3727 commendo.
876 3661 963 3742 Vale,
985 3664 1107 3745 optime
1129 3672 1163 3727 et
1184 3665 1234 3728 in-

260 3746 437 3830 tegerrime
465 3745 578 3811 frater.
620 3746 728 3812 Amici
757 3768 871 3813 omnes
900 3756 933 3813 et
964 3749 1065 3814 frater
1086 3769 1179 3814 meus
1203 3759 1235 3813 te

262 3831 415 3898 salutant.
456 3832 611 3898 Genevae
638 3834 685 3897 18.
708 3832 790 3898 Maii
808 3833 868 3899 sub
885 3854 1019 3900 coenam
1045 3839 1135 3899 1556.

361 4102 393 4237 {i
411 4104 576 4295 §edidisse
593 4192 628 4228 m.
646 4175 751 4257 unum
769 4175 844 4230 zan
861 4192 894 4229 ee
912 4177 1023 4259 Aeaea
1040 4176 1159 4259 mena.
1198 4249 1203 4259 ι

361 4242 391 4304 b)
439 4243 599 4312 ellenperam
618 4244 652 4297 de
668 4245 711 4298 bes
728 4245 810 4299 redae
827 4251 851 4298 ct
868 4244 1009 4300 menam
1020 4261 1123 4300 anemae
1135 4251 1236 4302 rectius

257 4310 485 4445 ιὲιῗὲοὒειὲὠηιο
503 4315 610 4380 wama,
637 4321 746 4368 eventus
769 4314 899 4380 protavit
923 4315 996 4381 (eide
1019 4315 1058 4369 ad
1074 4313 1116 4369 22.
1136 4315 1233 4380 Mati).

299 4421 305 4432 ⁹
362 4446 392 4511 6)
412 4420 518 4502 Scilecet
536 4450 595 4516 ipse
612 4465 668 4502 non
686 4449 828 4515 abnuebat,
846 4467 939 4504 ceram
952 4449 1144 4506 demumddd.
1156 4452 1236 4507 Iunii

259 4533 277 4569 a
295 4522 392 4569 senatu
410 4519 515 4570 cerream
534 4518 632 4572 retnle't.
660 4516 808 4583 ⁶(Scbms'dt
823 4535 851 4586 p.
871 4518 943 4588 186.)

362 4583 392 4647 t)
418 4585 485 4639 Vide
518 4585 655 4656 Martyria
690 4589 830 4641 etctolam
863 4591 991 4656 proxim
1023 4589 1235 4657 praecedentem.

258 4650 398 4717 (Schmidt
416 4651 465 4706 185
482 4659 509 4707 et
524 4656 602 4719 infra
619 4655 660 4711 N.
677 4654 695 4708 2
713 4655 771 4716 79.)

361 4718 392 4782 8)
414 4720 455 4786 Of.
472 4724 673 4788 praecedentem
692 4726 730 4779 ad
748 4724 911 4779 Blaterernm
930 4733 985 4780 net.
1004 4726 1029 4781 2.

645 5013 852 5028 ῃ

1012 298 1274 368 ΕΡΙΒΤΟΙιΑΕ
1296 303 1509 370 2455-2459

1722 487 1820 558 2456.

1480 641 1722 711 SULZERUS
1744 642 2062 711 BULLINGERO.

1373 812 1414 878 Se
1434 815 1557 895 fnestra
1580 816 1845 881 amibmitarimn
1865 815 1966 895 dam,
1995 817 2033 882 de
2054 837 2114 898 qao
2131 815 2259 883 Ballin-

1283 919 1379 983 perna
1398 900 1466 979 ipsi
1491 901 1620 980 priden
1646 900 1771 966 chaere
1802 903 1981 983 scripserat,
2002 902 2155 969 Basilece
2184 904 2260 970 dete

1283 1005 1360 1135 {gerari
1380 991 1526 1154 mtrem
1553 984 1720 1068 affirmans
1741 989 1808 1052 iam
1829 987 2034 1054 dementiore
2055 989 2177 1054 indicia
2198 990 2259 1055 endi

1286 1241 1341 1306 (Ex
1367 1244 1536 1313 autographo
1559 1244 1641 1297 Aroh.
1660 1245 1750 1301 Turia.
1774 1246 1848 1301 Plnt.
1867 1245 1915 1299 Vl.
1934 1247 1992 1300 Vol.
2012 1245 2070 1312 155,
2089 1247 2155 1301 olim
2174 1248 2256 1301 Scrin.

1404 1312 1436 1364 Β.
1455 1312 1525 1382 Dpp.
1543 1312 1620 1366 Tem.
1639 1312 1682 1383 33,
1699 1314 1746 1368 tol.
1763 1313 1823 1367 411.
1843 1343 1876 1353 -
1894 1316 1999 1369 Simler.
2016 1317 2075 1371 v01.
2093 1314 2148 1382 87.)

1372 1483 1454 1547 Viro
1477 1484 1760 1577 praestantissimo¹
1788 1488 1829 1553 D.
1853 1487 2034 1553 Heinricho
2048 1488 2257 1638 qidullipgero.

2078 1595 2174 1658 rgun.

1374 1739 1408 1807 S.
1438 1743 1488 1806 De
1516 1741 1656 1824 quodam
1687 1750 1909 1810 sacrosanctae
1944 1746 2103 1812 trinitatis
2131 1747 2258 1829 impug-

1287 1834 1401 1891 natore
1413 1826 1438 1912 ¹)
1456 1838 1514 1891 aut
1535 1827 1770 1894 calumniatore
1786 1832 1895 1912 potius
1916 1831 2108 1914 blasphemo
2125 1831 2259 1897 memini

1288 1920 1320 1975 te
1350 1911 1392 1976 ad
1410 1933 1462 1977 mo
1485 1914 1636 1992 scribere,
1665 1916 1709 1978 mi
1731 1914 1924 2000 Ballinpere,
1947 1925 1981 1982 et
2002 1939 2040 1982 eo
2058 1919 2191 1982 nomine
2213 1917 2259 1979 vi·

1288 1998 1460 2081 palantiam
1489 2000 1743 2067 commendasse.
1794 2003 1838 2067 Et
1875 2024 1928 2068 res
1962 2016 2052 2069 certe
2086 2002 2188 2087 digna
2220 2003 2259 2066 sit

1287 2083 1376 2148 fideli
1399 2086 1588 2151 attentione.
1624 2087 1690 2152 Sed
1713 2109 1777 2169 qua
1796 2089 1921 2153 ratione
1944 2088 1984 2153 ad
2007 2089 2132 2153 autoris
2154 2089 2259 2172 inqui·

1287 2171 1439 2235 sitionem
1469 2173 1619 2236 insistam
1653 2195 1717 2237 non
1751 2173 1856 2252 video,
1891 2185 2062 2257 postquam
2095 2176 2259 2239 neminem

1287 2276 1348 2339 ego
1371 2256 1502 2338 quidem
1525 2258 1613 2336 novi,
1633 2269 1690 2322 aut
1711 2259 1808 2324 fando
1830 2263 1939 2343 accepi
1958 2263 2013 2343 qui
2037 2258 2112 2410 [vap
2127 2262 2261 2325 mutiret

1288 2342 1354 2407 tale
1387 2342 1517 2425 aliquod
1551 2343 1665 2410 scelus.
1711 2346 1947 2411 Gratissimum
1980 2368 2056 2430 ergo
2098 2348 2210 2423 coeris,
2233 2345 2260 2411 si

1288 2428 1340 2491 vel
1374 2427 1517 2511 aliquam
1551 2431 1642 2495 nobis
1676 2430 1733 2496 des
1762 2433 2080 2497 circumstantiarum
2106 2433 2150 2518 (si
2173 2430 2260 2497 aliud

1288 2533 1356 2578 non
1380 2516 1498 2596 possis)
1531 2516 1813 2598 significationem,
1848 2539 1889 2583 ex
1918 2519 2035 2601 quibus
2067 2519 2110 2583 sit
2138 2518 2260 2584 occasio

1287 2619 1347 2664 ceu
1381 2621 1440 2683 per
1473 2602 1612 2684 vestigia
1645 2602 1913 2686 deprehendendi
1946 2615 1980 2668 et
1997 2604 2132 2669 arcendi
2153 2606 2260 2687 perni-

1288 2685 1365 2750 ciosi
1399 2695 1430 2751 et
1464 2687 1605 2753 exitialis
1635 2689 1763 2754 veneni.
1809 2689 1933 2754 Multas
1950 2690 2015 2754 iam
2041 2691 2120 2766 vias,
2144 2711 2260 2774 easque

1287 2781 1411 2837 secreto
1444 2774 1585 2852 tentavi,
1610 2795 1710 2857 quum
1742 2776 1830 2840 inter
1852 2774 1976 2853 doctos,
2011 2777 2067 2857 qui
2090 2776 2261 2842 lucubrare

1287 2856 1402 2935 solent,
1432 2859 1782 2944 tumchalcographos,
1800 2870 1838 2926 ut
1860 2862 1967 2926 latens
1989 2862 2109 2927 alicubi
2128 2862 2261 2928 huiusce

1287 2941 1408 3009 furoris
1440 2944 1494 3010 vel
1527 2946 1671 3011 scintilla
1700 2957 1849 3012 constare
1882 2958 1999 3031 posset.
2044 2945 2113 3013 Sed
2140 2947 2262 3013 trustra

1287 3030 1406 3107 omnia,
1433 3037 1472 3094 nt
1504 3036 1561 3095 aut
1588 3042 1810 3097 commentum
1828 3053 1900 3098 esse
1918 3054 2069 3116 sparsum
2086 3054 2146 3115 per
2167 3035 2261 3098 sinis·

1287 3121 1374 3179 tram
1396 3115 1613 3198 suspicionem
1631 3119 1825 3197 existimem,
1848 3126 1907 3184 aut
1928 3127 2020 3185 metu
2037 3120 2145 3203 premi
2167 3140 2262 3187 cona·

1288 3208 1370 3265 tum.
1415 3201 1466 3266 Tu
1495 3201 1628 3266 interim
1655 3224 1755 3287 perge
1787 3205 1886 3270 etiam
1916 3205 2085 3271 nobiscum
2113 3206 2262 3290 vigilare,

1287 3284 1372 3368 quod
1395 3286 1483 3365 facis,
1507 3297 1540 3351 et
1573 3287 1654 3353 vale.
1699 3290 1850 3355 Basileae
1876 3295 1922 3355 19.
1946 3291 2028 3357 Maii
2046 3293 2145 3357 Anno
2173 3296 2262 3356 1556.

1949 3430 1987 3494 Τ.
2011 3429 2178 3496 Sulcerus.

1726 3957 1825 4029 atet.

1544 4111 1792 4221 nannenus
1816 4112 2000 4180 umere.

1375 4281 1575 4347 Tranomittit
1597 4284 1627 4350 ei
1653 4290 1754 4351 certas
1775 4286 1929 4369 quaedam
1953 4287 2062 4354 zeeas
2082 4291 2120 4356 de
2141 4295 2261 4377 nepotis

1284 4386 1355 4433 aem
1380 4365 1510 4447 Galatae
1531 4370 1701 4434 tractando.

1285 4539 1340 4605 (ux
1366 4540 1535 4608 suompte
1561 4540 1626 4594 ooo.
1654 4541 1734 4595 eoru.
1761 4540 1822 4611 eos,
1848 4543 1894 4596 ιοι.
1920 4544 1979 4599 ere.
2006 4574 2036 4584 -
2064 4548 2161 4603 uerus
2185 4552 2261 4606 aaa

1627 4608 1777 4664 schneider.
1796 4629 1823 4680 p.
1841 4611 1911 4675 194.)

1367 4763 1497 4851 γοιιῑιιι
1521 4784 1617 4830 servo
1646 4734 1768 4850 insign
1800 4767 1838 4832 r.
1865 4766 1982 4834 Vireto
2012 4771 2262 4848 cananeus,

1285 4847 1440 4916 ecclesiae
1461 4851 1586 4932 pastori
1606 4870 1704 4935 quam
1723 4843 1919 4939 fidelissima

1963 4941 2173 5016 Lausannae.

1285 5140 1417 5208 mil)
1436 5140 1469 5195 Si
1490 5142 1559 5212 qaid
1580 5138 1703 5198 eideinue
1720 5144 1899 5213 Badinperae
1922 5147 2032 5204 subeo
2056 5154 2207 5223 empserat
2228 5164 2259 5212 tot

1284 5209 1457 5265 Baedeeneee
1474 5213 1562 5266 eota
1583 5212 1716 5268 tietbaldo
1732 5220 1867 5269 coenent.
1905 5213 1946 5282 Of.
1966 5217 2004 5272 Ν.
2021 5217 2099 5275 2428.
