4688 5902
125 326 192 393 389
989 331 1069 391 1557
1088 326 1277 395 IANUAR.

2070 339 2134 403 390

126 516 204 600 plus
223 515 263 581 de
284 514 444 600 suspition
462 516 594 582 avaient
616 517 780 599 tonsjours
802 523 871 582 este
892 514 967 597 plus
989 513 1104 581 dadvis
1156 516 1227 583 suis
1248 524 1359 584 vostre
1380 539 1424 586 en
1445 517 1478 584 la
1503 520 1627 586 orainte
1657 519 1697 586 de
1724 538 1802 586 men
1832 520 1930 589 Dion.
1975 521 2076 590 Voire
2098 532 2133 590 et

127 601 195 669 den
217 601 309 668 aveir
330 623 376 666 un
407 601 447 667 de
476 599 613 667 Genese
643 623 706 684 que
728 622 813 752 mop.
858 600 904 666 Et
924 621 989 685 que
1005 598 1106 666 lediot
1156 600 1370 688 dememoray
1393 604 1439 669 tel
1460 603 1573 671 sidant
1604 627 1642 671 sa
1663 626 1760 690 graoe
1782 626 1900 673 enoore
1921 608 2132 691 quexeeutiez

126 688 308 771 messagier
330 687 377 752 ait
404 687 497 768 prim
518 688 714 754 instrnotion
736 708 755 752 e
808 687 952 752 ranolort
981 707 1023 752 ou
1046 686 1105 752 ail-
1155 695 1268 755 eontre
1290 710 1367 773 moy
1390 711 1447 757 vos
1465 710 1617 758 menaees
1636 691 1676 757 de
1686 712 1856 759 maeouser
1874 693 1915 759 de
1932 713 2014 760 vous
2036 695 2132 761 avoir

126 773 219 839 leurs
238 793 321 855 pour
349 770 504 838 eonduire
533 784 602 840 aest
630 773 743 839 affaire
768 782 882 839 oontre
905 792 985 838 vous
1004 774 1039 856 je
1061 794 1103 838 ne
1155 773 1233 838 laiet
1261 782 1336 840 tort.
1370 812 2130 830 ------------

127 858 161 924 le
183 878 345 944 pomeray
363 859 483 942 jamais
505 879 569 925 ven
598 879 635 926 oe
662 859 818 940 quevions
848 857 916 925 diet
937 857 1105 923 ensamble
1159 895 2129 914 ----------------

128 966 151 1010 a
173 965 232 1010 son
253 953 438 1027 par-tament
459 953 492 1008 et
510 965 547 1010 ee
568 944 645 1027 qu’il
662 948 727 1009 m'a
739 944 838 1009 recito
859 965 879 1008 a
901 964 961 1009 son
983 955 1103 1021 retour,

128 1030 280 1096 asoaveir
313 1051 376 1113 que
408 1031 612 1095 incontinent
644 1050 706 1114 que
740 1029 785 1095 Μ.
817 1028 929 1096 Calain
955 1036 1013 1094 eut
1039 1051 1105 1112 ony

127 1115 237 1182 l'estat
269 1114 309 1181 de
331 1115 363 1180 la
398 1136 504 1192 eausa,
527 1116 550 1180 il
581 1137 765 1200 prononeea
793 1137 856 1198 que
886 1127 996 1180 estant
1021 1113 1105 1180 libre

129 1201 215 1286 d'ioy
232 1203 267 1285 je
289 1200 423 1266 debvoie
456 1201 538 1266 aller
568 1222 588 1265 a
609 1202 785 1267 Frsnefort
806 1220 964 1283 sausque
987 1221 1028 1266 ue
1045 1220 1105 1283 par

128 1308 201 1354 mes
218 1287 330 1353 lettres
361 1307 401 1352 ne
434 1307 493 1369 par
516 1287 560 1352 Μ.
590 1288 628 1352 de
652 1286 763 1353 Soiuot
784 1287 894 1352 Andre
917 1308 958 1352 ne
980 1307 1040 1368 par
1056 1286 1103 1351 M.

132 1373 246 1454 Orepia
272 1409 307 1420 -
332 1409 370 1420 -
408 1411 448 1422 -
477 1372 500 1436 il
522 1373 569 1438 ait
600 1394 665 1456 peu
698 1381 785 1438 estro
819 1372 951 1438 desmeu
981 1371 1022 1437 de
1043 1392 1103 1437 son

129 1478 279 1610 litto
297 1457 1104 1628 1.”)ζ.101”1131;ῑ.“.11111111..)ῗέ

129 1632 199 1695 tion
222 1639 273 1695 eet
294 1650 401 1713 envoy
424 1651 443 1694 a
465 1629 759 1696 metueretur
782 1629 919 1695 souffrez
941 1629 1021 1712 qu'il
1043 1630 1105 1694 soit

128 1717 194 1781 mis
216 1736 258 1780 au
280 1736 363 1800 reug
386 1716 443 1781 des
471 1715 566 1781 sainte
595 1715 804 1798 idolatriques
826 1734 952 1781 aemma
975 1723 1034 1780 ont
1050 1735 1105 1780 ase

130 1802 202 1866 dire
224 1823 347 1868 auouns
372 1822 475 1867 venus
497 1800 538 1865 de
561 1822 643 1867 vous
656 1800 722 1884 'que
741 1804 775 1884 ja
798 1801 910 1866 saisoie
923 1799 1035 1866 Calvio
1058 1822 1104 1864 un

156 1908 176 1950 a
218 1937 224 1951 ι
248 1921 1104 1935 --------------

132 1908 352 2039 ppoDavant
395 1995 413 2038 ο
446 1995 486 2038 en
520 1973 634 2057 leglise
667 1973 706 2038 de
739 1973 915 2039 Franefort
939 1977 995 2056 n'y
1018 1971 1105 2037 avait

130 2060 263 2125 homme
291 2059 367 2137 (har
390 2060 493 2125 imant
518 2058 548 2125 le
573 2059 656 2125 fault
687 2058 770 2134 dire)
792 2060 848 2142 qui
867 2057 957 2141 peult
982 2059 1104 2123 bonne·

129 2152 225 2210 ment
257 2153 376 2209 mettre
391 2145 429 2244 ‚la
455 2146 544 2210 main
567 2164 587 2208 a
608 2145 862 2243 l’appaisement⁸
875 2142 933 2209 des
949 2143 1104 2243 troubles,

131 2250 367 2382 lttlttltz
388 2230 790 2398 tillitltt‘ltt
810 2250 875 2398 lt
888 2238 1104 2398 liiimdil

131 2423 193 2486 par
214 2424 251 2468 oe
268 2423 331 2484 que
348 2403 440 2486 quasi
463 2410 534 2467 tous
564 2403 703 2467 estoient
730 2423 770 2467 en
793 2422 906 2483 praees
929 2411 961 2465 et
982 2402 1105 2484 parties

131 2488 178 2553 Et
210 2509 333 2553 mesine
365 2488 460 2554 oeulx
489 2490 543 2571 qui
577 2509 659 2571 pour
692 2488 740 2552 les
773 2487 938 2553 exeellens
961 2486 1042 2551 dous
1065 2485 1104 2550 de

131 2575 219 2639 Dieu
237 2596 278 2638 en
302 2596 365 2638 eux
391 2575 529 2639 estoient
562 2573 610 2638 les
639 2573 712 2657 plus
734 2572 860 2637 idoines
883 2593 902 2635 a
923 2572 1005 2637 faire
1027 2571 1105 2636 telle

132 2661 341 2724 reformation
364 2658 404 2723 de
433 2660 510 2742 paix
535 2679 660 2725 eomme
682 2659 848 2724 Monsieur
870 2659 919 2723 11ο
938 2657 1104 2723 Guillame

132 2745 272 2811 Holbroo
299 2746 427 2810 homme
456 2745 495 2810 de
514 2756 581 2810 tres
609 2745 789 2810 excellente
809 2752 904 2809 vertu
927 2751 959 2807 et
982 2742 1105 2808 aultres

132 2831 292 2897 oestoient
313 2831 407 2895 oeulx
429 2841 541 2897 eontre
563 2830 703 2913 lesquela
726 2851 760 2896 se
782 2829 956 2894 formoient
978 2828 1008 2893 le
1029 2828 1104 2910 plus

132 2917 360 2994 d'aeousetion
390 2916 562 2999 lesquelles
585 2936 702 2982 eneore
726 2936 788 2998 que
811 2923 938 2998 (granos
962 2936 981 2978 e
1002 2913 1103 2991 Dion)

132 3003 211 3068 elles
234 3003 360 3068 fussent
388 3003 500 3067 vaiues
526 3004 697 3068 toutesfois
721 3004 843 3084 jusque
869 3002 914 3066 fin
945 3000 984 3065 de
1007 3020 1105 3065 nauso

134 3089 212 3153 elles
241 3088 414 3153 rendoient
445 3088 494 3152 les
519 3108 697 3170 personnes
726 3108 792 3152 non
828 3086 916 3152 ables
945 3085 985 3151 de
1018 3095 1105 3151 oeste

131 3174 262 3257 charge.
308 3173 356 3239 Or
378 3182 490 3238 vostre
509 3174 621 3257 Eglise
638 3179 721 3241 n’est
743 3193 801 3256 pas
819 3172 912 3237 ainsi.
935 3209 975 3222 ·-
998 3208 1040 3217 —
1064 3206 1104 3217 -

217 3346 260 3412 Je
278 3365 354 3430 seay
373 3345 450 3428 qu’il
463 3366 546 3410 vous
565 3356 614 3410 est
633 3344 696 3409 dur
717 3344 843 3410 d’avoir
859 3341 992 3407 atteudu
1012 3363 1106 3425 apres

132 3453 208 3516 moy
243 3433 332 3496 aussi
358 3452 398 3495 ne
420 3432 545 3515 ‘'failliea
573 3452 653 3497 vous
680 3450 739 3513 pas
761 3452 781 3495 a
802 3430 833 3494 le
855 3449 908 3493 me
930 3429 1105 3511 reprooher

131 3540 171 3583 en
206 3528 317 3583 vostre
341 3516 446 3581 lettre.
493 3517 578 3581 Mais
604 3520 638 3599 je
665 3520 741 3600 n’ay
770 3536 828 3598 pas
858 3514 974 3579 merite
990 3535 1052 3597 que
1074 3513 1105 3579 le

132 3603 330 3670 eeuohissiez
362 3604 387 3667 si
420 3603 593 3668 durement
622 3607 755 3685 qu'aven
787 3602 872 3666 faiet.
926 3599 992 3664 Oer
1015 3599 1105 3664 nulle

131 3690 194 3755 fois
223 3711 285 3770 que
314 3691 348 3772 je
374 3689 470 3753 saohe
487 3691 521 3771 je
543 3710 584 3752 ne
608 3708 689 3752 vous
711 3687 826 3770 perlay
849 3685 888 3751 de
910 3683 1106 3750 m’attendre

133 3776 198 3839 fors
222 3788 323 3856 quent
348 3775 473 3857 j’esteie
502 3795 580 3839 aveo
609 3795 689 3838 vous
719 3793 760 3837 en
782 3772 888 3855 Juing
916 3772 961 3836 Et
990 3791 1106 3836 euoore

132 3860 229 3927 oeulx
253 3882 272 3924 a
293 3861 348 3942 qui
370 3862 434 3942 J’en
457 3860 571 3943 parlay
600 3869 736 3924 soevent
758 3878 822 3940 que
839 3860 874 3941 je
892 3856 993 3922 diseio
1016 3870 1105 3921 tous·

128 3949 223 4029 jours
245 3967 307 4027 quo
331 3947 358 4009 si
380 3968 460 4011 vous
483 3968 524 4010 ne
539 3967 618 4011 vous
637 3944 773 4027 ponvieu
795 3962 908 4026 passer
931 3942 970 4007 de
992 3943 1105 4007 minis·

133 4041 183 4095 tre
201 4033 323 4113 jusque
351 4031 498 4114 Pasques
525 4053 588 4113 que
611 4052 692 4095 vous
713 4050 755 4094 an
778 4026 971 4094 mandissiea
994 4027 1104 4091 hardi·

133 4128 290 4182 mentun
316 4116 402 4182 Mais
431 4120 458 4182 si
488 4137 569 4181 rous
592 4116 755 4181 attendieu
773 4118 908 4198 jusques
928 4114 959 4178 la
979 4114 1105 4195 J’espe·

132 4205 200 4268 reia
224 4224 266 4267 en
297 4204 381 4267 Dieu
405 4224 469 4285 qne
491 4205 615 4267 verries
638 4204 719 4267 dans
742 4223 778 4267 ee
801 4209 906 4281 temps
928 4200 960 4263 la
982 4199 1104 4264 resolu-

132 4291 203 4354 tion
226 4288 266 4353 de
297 4310 372 4353 mon
402 4299 507 4353 errent
529 4299 562 4352 et
584 4288 744 4353 demeure.
790 4286 839 4352 Or
860 4309 883 4370 y
901 4308 921 4349 a
942 4284 966 4348 il
988 4305 1104 4349 enoore

135 4375 179 4439 du
202 4378 455 4459 tempsjusques
477 4376 652 4455 aPasques
671 4395 753 4456 pour
771 4372 862 4437 avoir
874 4371 964 4435 leisir
976 4370 1015 4435 de
1024 4392 1104 4435 vous

130 4461 314 4544 pourveoir.
345 4483 407 4543 que
429 4462 456 4526 si
480 4481 560 4525 vous
578 4480 655 4524 avez
680 4459 829 4523 affection
853 4479 872 4520 a
893 4457 938 4521 Μ.
966 4457 1104 4521 Gomier

132 4546 274 4692 (deornme
291 4548 360 4631 j'ay
383 4567 446 4630 ouy
459 4547 606 4628 qu’avez)
629 4554 661 4608 et
680 4566 760 4609 vous
772 4543 870 4627 plaist
888 4542 918 4607 le
941 4563 992 4605 me
1011 4562 1103 4606 man-

158 4652 193 4695 er
215 4652 276 4714 par
299 4632 330 4695 le
353 4631 426 4696 veie
440 4633 603 4697 d’Anvers
625 4629 667 4697 Je
690 4631 782 4713 ferey
805 4629 836 4694 le
858 4649 1004 4711 message
1026 4648 1103 4711 moy

133 4737 257 4782 mesme
280 4738 299 4780 a
320 4717 389 4801 luy.
420 4717 492 4798 Quo
515 4719 542 4781 si
565 4738 645 4781 vous
667 4737 708 4780 en
732 4713 855 4790 veulez,
878 4734 918 4778 ou
940 4735 959 4777 a
981 4733 1103 4778 saure·

131 4803 184 4866 fus
207 4824 248 4868 ou
271 4824 311 4867 eu
341 4804 481 4885 premier
508 4803 583 4879 lieu,
612 4824 657 4866 un
686 4801 726 4866 de
753 4799 891 4864 Geneve
913 4799 1103 4864 menveient

131 4908 191 4953 vos
215 4888 327 4953 lettres
350 4888 432 4954 dans
460 4889 493 4953 la
520 4889 609 4965 faire,
635 4891 669 4970 je
696 4887 787 4969 lersy
811 4895 920 4950 vostre
943 4882 1102 4965 despeohe

129 4993 207 5040 sans
231 4994 293 5059 que
323 4974 420 5040 ssoiez
450 4996 557 5040 eueun
590 4973 677 5038 freis.
721 4971 891 5054 Jesporoie
920 4991 1000 5034 vous
1022 4968 1103 5034 aller

129 5061 223 5125 veoir
246 5060 286 5125 de
308 5081 344 5126 ee
373 5061 489 5144 voiage
524 5080 608 5142 pour
636 5059 783 5123 eonferer
809 5055 1039 5121 emiablement
1061 5054 1101 5119 de

129 5155 241 5228 tentes
263 5167 316 5212 eea
337 5147 451 5213 ehoses
473 5167 552 5211 aveo
574 5166 664 5221 vous,
688 5144 770 5208 mais
788 5153 899 5208 vostre
920 5141 1015 5205 lettre
1037 5144 1101 5203 m’a

128 5236 241 5315 appris
270 5254 332 5315 que
357 5236 392 5315 je
423 5237 478 5317 n’y
508 5252 549 5316 ay
571 5230 645 5314 plus
668 5227 708 5294 de
725 5229 790 5295 lieu
813 5228 858 5293 Et
881 5225 1047 5292 toutesfois
1066 5228 1099 5309 je

1241 947 1293 1011 De
1315 946 1428 1014 Wesel
1450 968 1487 1014 ee
1513 952 1558 1013 17.
1586 948 1625 1014 (1ο
1647 948 1788 1016 Jauvier
1813 952 1904 1016 1557.

1658 1085 1778 1151 Vestro
1795 1085 1930 1152 humble
1952 1088 2037 1153 frere

1653 1170 1813 1237 Franoois
1833 1171 2044 1238 Perruoellus

1682 1255 1748 1323 diat
1770 1255 1810 1322 de
1827 1256 1860 1321 la
1878 1257 2020 1324 Riviere.

1543 1549 1738 1559 -.----—

1580 1765 1682 1837 2585.

1383 1920 1647 1988 ZERKINTES
1678 1922 1896 1989 OALV'INO.

1242 2093 1345 2176 Aepre
1364 2092 1425 2174 sert
1446 2097 1549 2157 unae
1559 2093 1650 2160 molis
1660 2114 1726 2159 esse
1742 2099 1777 2159 at
1786 2093 1898 2176 foedae
1913 2097 1994 2162 iuter
2010 2100 2131 2164 utrem

1155 2199 1214 2261 que
1235 2176 1459 2262 rempublioom
1486 2184 1696 2245 renovem
1722 2179 1808 2246 houd
1836 2180 1954 2263 oblique
1978 2181 2131 2251 Gerteoea

1155 2266 1241 2330 eum
1256 2265 1466 2345 pertinaciam
1493 2266 1528 2329 iu
1548 2283 1647 2330 eoueo
1668 2284 1732 2331 esee
1754 2266 1868 2345 innuit,
1891 2266 2004 2349 quoue
2027 2266 2130 2335 Goloi-

1155 2370 1217 2416 uos
1238 2352 1269 2415 ei
1289 2349 1376 2415 vellet
1396 2349 1868 2434 oiiommeutemiupereresone
1882 2357 1996 2435 pesae.
2034 2352 2131 2436 Qum

1156 2439 1255 2501 tuneo
1288 2437 1364 2516 ipse,
1402 2436 1461 2500 etsi
1492 2436 1562 2501 nris
1588 2441 1771 2519 mmmm,
1799 2439 1939 2505 memoro
1968 2458 2072 2505 amere
2098 2460 2131 2506 ee

1152 2522 1302 2602 prosequi
1323 2526 1459 2587 astetur.

1311 2693 1367 2756 (ΒΧ
1385 2691 1623 2761 autographoCod.
1642 2691 1744 2749 Gener.
1764 2692 1822 2759 114,
1840 2693 1885 2745 iol.
1906 2692 1976 2760 lae.)

1157 2863 1274 2928 Ioanni
1293 2862 1429 2928 Calvino
1458 2862 1613 2930 eeolesiae
1642 2863 1848 2929 Genevensis
1881 2865 1916 2928 in
1939 2865 2041 2931 verbo
2061 2866 2130 2932 Do·

1157 2951 1239 3014 mini
1257 2949 1408 3014 ministro
1435 2947 1687 3032 vigilantissimo
1716 2949 1811 3013 fratri
1832 2950 1867 3013 in
1894 2949 2029 3016 Ohristo
2053 2951 2131 3019 Iesu

1436 3032 1610 3099 admodum
1632 3034 1768 3100 oolendo
1785 3055 1853 3101 sno.

1244 3206 1356 3285 Erras,
1382 3204 1509 3271 Galatae
1530 3206 1633 3271 irater
1661 3206 1698 3269 in
1719 3206 1863 3271 Domino
1881 3206 2078 3287 venerande,
2102 3210 2131 3275 si

1157 3300 1252 3374 putas
1274 3293 1320 3355 ita
1352 3312 1405 3356 me
1433 3291 1474 3356 ad
1507 3291 1704 3356 latinitatem
1732 3299 1824 3356 tuam
1853 3290 2063 3359 obsurduisse
2093 3301 2130 3359 nt

1155 3397 1286 3441 omnem
1306 3377 1550 3444 exeusationem
1565 3385 1657 3442 tuam
1675 3396 1714 3441 ea
1729 3376 1844 3460 lingua
1861 3377 2016 3459 seriptum
2035 3397 2130 3462 repn-

1156 3463 1252 3527 diem.
1283 3462 1396 3546 Neque
1407 3464 1496 3527 enim
1513 3462 1618 3527 famae
1637 3462 1746 3527 omnia
1763 3463 1869 3539 oredo,
1892 3462 1951 3527 sed
1969 3464 2129 3546 quaedam

1156 3549 1381 3632 experimento
1393 3548 1609 3631 eomprobata.
1643 3546 1740 3627 Quod
1760 3547 1898 3614 subinde
1912 3548 2034 3616 umiees
2056 3559 2129 3617 tuos

1156 3643 1189 3699 et
1212 3655 1301 3699 meos
1324 3632 1363 3697 de
1385 3633 1500 3698 iisdem
1530 3634 1626 3700 rebus
1649 3632 1818 3712 admoneo,
1841 3633 1939 3698 velim
1958 3635 1994 3699 in
2016 3635 2130 3701 melio·

1155 3739 1226 3784 rem
1249 3727 1376 3801 partem
1393 3720 1628 3802 interpreteris,
1651 3740 1776 3784 memor
1793 3719 1877 3801 quod
1901 3719 1966 3785 Res
1984 3727 2029 3786 esi
2044 3722 2130 3788 solli

1156 3806 1209 3871 oili
1225 3806 1322 3888 plere
1348 3805 1470 3870 timoris
1497 3825 1593 3870 omer.
1607 3809 1633 3880 ¹)
1678 3803 1776 3870 Oerte
1798 3805 1918 3870 nostris
1941 3805 2129 3873 hominibus

1064 3944 1070 3956 .
1156 3911 1348 3974 persuasum
1371 3890 1503 3955 sinistre
1531 3898 1590 3969 est,
1620 3909 1679 3974 per
1707 3898 1740 3954 te
1768 3895 1913 3965 unum²)
1942 3901 2028 3957 stare
2050 3912 2129 3975 quo·

1156 3978 1265 4042 minus
1288 3984 1414 4041 constet
1435 3997 1502 4058 pax
1520 3977 1607 4040 inter
1628 3975 1841 4057 respublicas:
1864 3974 1944 4040 adeo
1962 3983 2049 4041 utto
2067 3999 2128 4043 uu·

1156 4083 1214 4145 per
1235 4061 1491 4126 Franeofurtnm
1520 4062 1663 4144 proferto
1693 4062 1812 4143 passim
1843 4060 2068 4127 dictitaretur:
2089 4062 2128 4129 Si

1155 4168 1216 4295 per
1236 4167 1308 4212 eam
1331 4148 1532 4214 ooeasionem
1562 4146 1774 4212 Genevenses
1796 4157 1993 4212 nomentum
2015 4157 2127 4231 postu·

1169 4243 1289 4312 assent,
1303 4233 1573 4298 restaurationem
1583 4231 1721 4297 foederis
1732 4232 1902 4314 impetrari
1919 4232 2004 4296 ferte
2021 4234 2127 4299 utrin-

1155 4340 1217 4400 que
1239 4320 1393 4400 potuisse.
1439 4317 1546 4384 Crede
1573 4326 1759 4383 oonstenter
1787 4317 1941 4382 iniuriam
1964 4317 2024 4383 tibi
2044 4320 2126 4398 fieri,

1155 4425 1338 4487 superoque
1363 4411 1397 4468 te
1429 4403 1564 4488 perinde
1593 4410 1629 4468 ut
1662 4424 1714 4467 me
1746 4423 1816 4467 rem
1849 4403 2038 4483 eonfeetam,
2069 4405 2127 4470 sed

1155 4511 1264 4554 amore
1293 4499 1369 4555 tuae
1399 4489 1596 4572 reipublioae
1609 4492 1634 4564 ³)
1668 4488 1766 4553 nimis
1794 4487 1967 4572 indulgere
1995 4497 2125 4556 tuorum

1154 4695 1284 4760 2585.1)
1306 4694 1385 4749 Ouid.
1403 4694 1517 4748 Heroid.
1536 4694 1556 4747 l.
1576 4692 1617 4745 12,

1257 4764 1287 4830 2)
1306 4763 1344 4817 In
1362 4764 1405 4818 loia
1425 4763 1575 4818 Berueroeo
1593 4777 1643 4816 ooo
1660 4762 1691 4816 in
1712 4760 1855 4816 Caluinum
1872 4761 1935 4816 odie
1952 4764 2067 4816 nimium
2084 4765 2126 4816 in·

1154 4831 1269 4886 dooere
1295 4833 1481 4886 &monstrant
1505 4831 1587 4885 haiae
1612 4846 1671 4898 epp.
1698 4830 1736 4884 ad
1759 4829 1948 4898 Bullinperum
1966 4830 2000 4885 de
2018 4830 2127 4896 foedere

1151 4901 1334 4969 promovendo
1356 4901 1543 4957 romum
1560 4899 1653 4966 officie
1670 4899 1852 4953 sollicitantes.

1254 4969 1282 5032 3)
1300 4971 1381 5039 queri
1403 4985 1466 5024 vero
1492 4968 1522 5022 Z.
1540 4969 1598 5037 ipae
1615 4968 1649 5021 de
1669 4966 1868 5022 θεηοοοηεῶοο
1885 4981 1940 5020 nen
1957 4967 2042 5020 nimio
2059 4982 2126 5021 oaoe

1151 5038 1253 5227 spu
1265 5039 1551 5161 ο...
1573 5035 1959 5170 ...ο

1311 5124 1347 5160 sm

1208 5176 1323 5243 repotiis
1340 5178 1461 5244 ipsorum
1482 5175 1608 5243 privatio,
1635 5174 1703 5229 odeo
1731 5180 1762 5229 ot
1778 5173 1818 5228 oet
1836 5180 1898 5228 octo
1915 5120 2014 5227 corsano
2033 5173 2125 5227 Perre·-

1151 5243 1253 5297 uionoe
1270 5244 1324 5298 soti
1340 5245 1535 5300 communituri
1551 5245 1679 5300 iulum.
1697 5242 1821 5308 (Ructat
1839 5239 1968 5379 112.51.90.)
