4754 5880
281 313 324 374 11
1025 301 1287 369 1111110111
1310 307 1522 368 acca-2407
2240 306 2282 367 11
2317 264 2320 270 ὅ

283 496 338 563 bic
362 495 584 579 perstringam
606 515 688 576 quae
710 493 791 559 fides
813 514 886 558 mea
907 501 941 557 et
961 490 1062 557 officii
1082 491 1168 556 ratio
1190 489 1257 556 dis·

283 583 442 650 simulare
460 603 526 647 non
547 581 680 664 patitur.
1123 632 1125 640 .

371 665 467 748 Quod
498 666 537 732 de
565 665 743 731 ministerio
779 676 836 728 tuo
863 664 1117 729 controversiam
1145 682 1258 726 move·

284 763 363 820 runt
389 754 444 835 qui
474 753 533 818 tibi
556 751 665 816 minus
682 759 777 815 erant
797 749 938 832 propitii,
963 768 1133 830 perperam
1156 757 1190 812 et
1207 746 1266 810 in-'

285 839 473 904 humaniter
494 837 534 902 ab
556 836 620 902 illis
643 836 765 902 factum
787 854 858 900 esse
876 854 944 899 non
965 854 1059 917 nego.
1093 831 1161 899 Sed
1183 832 1259 896 vide

284 947 327 990 ne
356 936 414 989 tua
441 922 662 1005 imprudentia
695 920 846 1004 litigandi
867 941 982 985 ansam
1003 919 1084 1002 ipsis
1105 938 1259 1002 porrexe-

285 1009 339 1076 iis.
391 1008 555 1090 Quorsum
580 1009 669 1072 enim
699 1027 804 1070 novae
829 1005 995 1070 electionis
1024 1004 1079 1068 vel
1099 1004 1259 1069 examinis

285 1096 423 1173 mentio,
457 1093 522 1158 nisi
551 1104 589 1157 ut
616 1104 649 1157 te
682 1091 867 1156 huiusmodi
900 1090 1051 1174 procellis
1080 1087 1257 1154 obiiceres?

285 1182 355 1247 Nec
390 1202 466 1245 vero
500 1200 552 1243 me
584 1179 664 1243 latet
696 1190 753 1242 tua
781 1177 939 1260 exceptio,
974 1190 1011 1241 ut
1032 1198 1068 1241 os
1089 1174 1259 1240 malevolis

284 1268 472 1333 obstrueres
490 1276 523 1330 te
541 1264 653 1329 omnes
671 1263 903 1327 satisfactionis
924 1264 995 1326 vias
1009 1260 1195 1344 quaesiisse.
1220 1259 1258 1326 Si

285 1352 347 1418 hoc
368 1352 429 1417 tibi
452 1349 493 1416 ad
515 1371 571 1415 eos
587 1349 761 1432 placandos
783 1348 962 1414 conducere
984 1349 1094 1413 visum
1116 1356 1175 1423 est,
1194 1347 1259 1411 fac·

288 1449 358 1503 tum
388 1439 497 1521 potius
530 1457 627 1519 quam
658 1435 783 1500 dictum
806 1456 878 1501 esse
899 1435 1049 1516 oportuit.
1085 1433 1212 1498 Verum
1231 1431 1259 1496 si

285 1546 345 1608 pro
375 1533 432 1588 tua
459 1523 629 1588 vocatione
656 1520 788 1587 cordate
819 1540 949 1602 semper
978 1519 1133 1601 loquutus
1161 1538 1258 1595 esses,

286 1610 398 1676 clausa
426 1617 497 1674 erat
525 1608 675 1672 omnibus
703 1606 815 1672 litibus
842 1608 949 1670 ianua.
990 1605 1087 1671 Nunc
1110 1603 1188 1668 dum
1208 1603 1259 1667 ni·

284 1696 348 1761 mis
378 1695 538 1760 submisse
560 1692 726 1776 suffragiis
748 1693 885 1774 exponis
912 1702 1006 1755 tuum
1031 1690 1258 1766 ministerium,

286 1803 375 1847 nunc
397 1781 575 1845 animosius
597 1779 783 1863 legitimum
805 1798 877 1842 esse
896 1777 1025 1852 asseris,
1038 1780 1063 1852 ⁵)
1086 1777 1163 1842 fecit
1179 1774 1260 1840 baec

287 1866 503 1949 inaequalitas
532 1876 570 1930 ut
599 1863 814 1931 confidentius
835 1864 870 1927 in
895 1877 925 1927 te
947 1864 1165 1945 insurgerent,
1188 1863 1259 1945 qui-

288 1954 349 2019 bus
377 1952 497 2034 alioqui
527 1973 593 2015 non
616 1950 663 2015 ita
684 1956 798 2033 gratus
820 1968 902 2013 eras.
943 1949 1016 2013 Nisi
1038 1949 1125 2013 enim
1147 1947 1260 2012 adula-

287 2039 368 2103 toris
404 2038 511 2121 magis
545 2057 642 2119 quam
678 2033 775 2100 amici
809 2041 920 2117 partes
956 2034 1050 2099 velim
1086 2034 1260 2115 suscipere,

286 2121 428 2189 blandiri
457 2124 492 2187 in
520 2123 582 2187 hac
605 2131 696 2203 parte
719 2141 852 2203 nequeo.
887 2121 934 2185 at
955 2128 1043 2186 certe
1064 2140 1176 2184 omnes
1194 2119 1261 2183 fere

288 2209 490 2292 aequabilem
513 2209 547 2271 in
566 2219 597 2272 tc
619 2207 739 2291 agendi
761 2218 908 2272 tenorem
931 2205 1132 2271 desiderant:
1156 2225 1261 2286 neque

288 2305 399 2361 tamen
435 2294 507 2358 ideo
535 2294 632 2359 venia
658 2293 775 2377 dignos
803 2291 944 2357 arbitror
969 2292 1024 2375 qui
1055 2288 1259 2374 plausibilem

288 2381 494 2447 occasionem
521 2380 610 2444 nacti
634 2389 766 2462 praeter
800 2379 852 2442 ius
878 2389 912 2443 ct
940 2378 990 2444 fas
1018 2388 1050 2442 te
1086 2388 1258 2441 vexarunt

1309 491 1422 556 fecerit
1444 512 1502 573 per
1524 513 1576 556 me
1598 512 1664 556 non
1685 489 1786 557 stabit
1813 493 1985 573 quominus
2007 491 2049 556 ad
2071 512 2128 557 vos
2150 491 2282 575 mitiga·

1311 587 1365 642 tus
1394 577 1537 659 adeoque
1561 576 1707 660 placatus
1729 576 1848 642 redeat.
1888 577 2202 644 Reconciliationem
2223 577 2283 643 tibi

1310 684 1381 728 esse
1414 663 1503 728 cordi
1537 663 1631 730 facile
1663 663 1744 728 mihi
1776 663 1960 745 persuades,
1995 661 2052 730 sed
2076 663 2111 727 in
2134 662 2283 747 apologia

1312 748 1369 813 tibi
1397 748 1541 831 obrepsit
1560 750 1629 814 eius
1652 751 1699 814 rei
1726 748 1855 814 oblivio.
1901 749 2047 815 Gravius
2074 748 2163 814 enim
2185 769 2282 831 quam

1312 833 1431 898 vellem
1459 836 1494 900 in
1512 857 1596 910 eum,
1625 847 1658 898 et
1682 834 1812 917 quidem
1835 856 1902 899 non
1924 836 2019 918 gravi
2042 834 2082 899 de
2103 855 2210 910 causa,
2232 835 2282 899 in-

1312 929 1424 984 vectus
1452 941 1495 984 es.
1548 921 1604 985 Me
1633 927 1745 985 tamen
1773 920 1928 985 daturum
1956 941 2090 1004 operam
2119 920 2281 1003 polliceor,

1311 1027 1354 1070 ne
1382 1006 1554 1071 ministerii
1585 1008 1632 1070 tui
1661 1027 1792 1071 cursum
1821 1005 1986 1089 impediat,
2009 1006 2064 1072 vel
2085 1028 2120 1071 se
2141 1026 2161 1069 a
2182 1006 2284 1072 socie-

1312 1100 1379 1156 tate
1401 1101 1510 1156 vestra
1532 1092 1706 1175 disiungat.
1751 1092 1863 1173 Neque
1886 1093 1974 1156 enim
1995 1090 2175 1168 dissimulo,
2198 1090 2284 1174 quod

1312 1198 1347 1241 se
1379 1199 1515 1242 munere
1550 1177 1712 1243 abdicavit
1742 1178 1824 1242 mihi
1863 1177 2117 1260 reprehensione
2147 1178 2284 1261 dignum

1312 1261 1427 1328 videri.
1470 1265 1541 1347 Ego
1564 1285 1641 1328 vero
1663 1285 1729 1328 non
1747 1264 1795 1327 ita
1812 1265 2032 1345 praefractum
2050 1284 2120 1329 esse
2143 1263 2284 1328 arbitror

1311 1348 1392 1431 quin
1421 1351 1509 1414 sanis
1538 1349 1681 1414 consiliis
1709 1358 1743 1414 et
1768 1350 1881 1415 amicis
1903 1350 2136 1415 monitionibus
2158 1349 2284 1415 obtem·

1312 1442 1412 1516 peret.

1399 1520 1585 1586 Germanos
1612 1521 1854 1586 concionatores
1876 1521 1936 1585 tibi
1958 1520 2112 1587 molestos
2134 1542 2205 1587 esse
2228 1542 2284 1585 ve·

1312 1606 1483 1671 hementer
1504 1607 1605 1672 doleo.
1636 1606 1814 1690 Rogandus
1835 1607 1926 1671 Deus
1945 1620 1994 1671 est
2016 1617 2054 1671 ut
2071 1608 2190 1672 bonam
2209 1625 2284 1670 cau-

1313 1711 1385 1755 sam
1413 1713 1472 1757 suo
1496 1693 1677 1775 patrocinio
1699 1692 1855 1757 tuendam
1876 1694 2040 1776 suscipiat
2086 1690 2284 1774 Quanquam

1313 1776 1353 1841 ad
1364 1778 1603 1860 amplissimum
1622 1789 1771 1843 senatum
1789 1778 1914 1860 scripsi,
1923 1780 1952 1854 ⁸)
1974 1800 2041 1843 non
2058 1799 2156 1843 ausus
2174 1787 2284 1843 tamen

1313 1883 1386 1927 sum
1420 1865 1527 1946 palam
1556 1887 1610 1928 me
1637 1864 1879 1947 deprecatorem
1908 1866 2125 1946 interponere.
2170 1863 2285 1928 Imoa

1314 1951 1415 2014 vestri
1441 1948 1726 2015 commendatione
1756 1951 1906 2015 consulto
1941 1951 2094 2026 abstinui,
2122 1951 2200 2032 quia
2229 1947 2285 2014 ad·

1315 2056 1428 2100 versae
1447 2037 1549 2117 partis
1571 2036 1725 2104 ferociam
1736 2036 1935 2101 commodius
1958 2036 2023 2099 alia
2040 2036 2093 2100 via
2114 2035 2286 2118 sperabam

1313 2120 1456 2186 cohiberi
1475 2143 1578 2204 posse,
1601 2144 1684 2203 quae
1706 2122 1734 2185 si
1762 2120 1804 2185 D.
1831 2121 2017 2204 Olawburqo
2039 2143 2105 2185 non
2123 2121 2286 2203 placuerit

1313 2206 1398 2288 quod
1416 2207 1566 2272 suadebit
1594 2227 1722 2289 sequar:
1746 2229 1823 2271 nam
1846 2207 1924 2289 quid
1943 2206 2095 2290 expediat
2117 2207 2217 2289 probe
2239 2218 2286 2271 te-

1313 2301 1379 2369 net,
1397 2313 1450 2356 me
1473 2315 1550 2358 vero
1573 2293 1737 2375 imperitia
1759 2291 1909 2357 timidum
1928 2290 2043 2357 reddit

1399 2378 1554 2442 Formam
1589 2378 1823 2443 Consensionis
1861 2400 1881 2442 a
1920 2378 2043 2444 Bucero
2072 2378 2286 2461 compositam

288 2467 414 2531 Debuit
434 2467 521 2531 cuim
544 2474 638 2528 extra
659 2465 915 2530 contmversiam
936 2474 1086 2530 constare
1099 2463 1259 2527 vocationi
1311 2463 1385 2545 legi,
1409 2485 1505 2546 quam
1529 2475 1665 2546 excepto
1682 2486 1750 2529 uno
1770 2474 1804 2528 et
1826 2465 1927 2529 altero
1950 2465 2055 2547 capite
2078 2464 2166 2546 pacis
2189 2484 2287 2528 causa

289 2563 365 2617 tuae
386 2550 476 2616 fides.

1314 2549 1465 2631 amplecti
1493 2572 1561 2615 non
1600 2550 1792 2616 dubitarem.
1845 2551 1970 2633 Itaque,
2000 2551 2028 2614 si
2057 2548 2138 2614 mihi
2172 2549 2286 2627 credis,

375 2637 416 2701 ln
456 2635 603 2702 creandis
632 2636 729 2700 etiam
757 2635 939 2700 senioribus
968 2633 1117 2699 nonnihil
1146 2632 1261 2715 culpae
1313 2635 1393 2700 alias
1423 2637 1633 2701 refutationes
1662 2637 1803 2704 omittes.
1858 2636 1943 2700 Nam
1972 2634 2058 2718 quod
2080 2634 2121 2699 ad
2143 2636 2287 2717 primum

287 2722 450 2788 ascribere
479 2720 538 2785 tibi
563 2742 668 2805 cogor,
692 2721 790 2804 idque
813 2731 871 2785 tua
891 2722 974 2786 scire
996 2721 1105 2795 refert,
1129 2729 1165 2783 111
1186 2739 1260 2804 cog-
1312 2730 1346 2786 et
1374 2723 1505 2785 tertium
1539 2722 1713 2787 articulum
1744 2720 1929 2786 addendum
1957 2742 2028 2786 esse
2055 2732 2164 2786 notas:
2187 2742 2287 2784 vcra

287 2809 357 2872 nito
386 2808 546 2872 malorum
572 2807 662 2872 fonte
692 2807 796 2889 magis
827 2806 1016 2888 placabilem
1040 2815 1072 2871 te
1095 2806 1263 2887 praebeas.
1312 2805 1411 2883 fide,
1434 2808 1532 2873 nimis
1556 2808 1691 2872 anxium
1720 2829 1791 2872 esse
1811 2807 1949 2871 videtur.
1994 2807 2210 2890 Supervacua
2239 2815 2287 2871 est

288 2892 394 2957 Video
421 2914 520 2975 quam
545 2893 690 2975 maligne
718 2893 753 2956 in
775 2894 941 2957 sinistram
965 2902 1089 2972 partem
1112 2903 1262 2973 torqueat
1313 2894 1411 2957 ctiam
1441 2892 1482 2957 ad
1500 2893 1680 2958 secundum
1709 2893 1883 2959 articulum
1913 2895 2089 2968 annotatio,
2122 2894 2197 2976 quia
2220 2913 2286 2958 cer·

288 2979 322 3043 A
386 2980 489 3044 atinus
516 2998 599 3061 quae
631 2979 819 3042 humaniter
852 2978 1062 3059 interpretari
1095 2976 1259 3043 debuerat.
1313 2988 1385 3042 tum
1407 2990 1457 3043 est
1479 2978 1639 3043 Bracarum
1660 2979 1693 3043 id
1716 2980 1864 3043 sensisse.
1905 2978 2007 3043 Nulla
2028 2980 2125 3043 etiam
2149 2978 2287 3042 necessi·

288 2999 394 3129 Viddb
416 3085 514 3146 quam
536 3064 651 3130 acerbe
670 3076 703 3127 et
725 3063 851 3128 duriter
867 3065 1013 3145 exagitet
1033 3063 1122 3127 levia
1144 3075 1260 3128 errata.
1314 3073 1364 3127 tes
1397 3065 1484 3147 cogit
1511 3066 1733 3129 curiositatem
1752 3086 1835 3144 quae
1857 3065 1891 3128 in
1913 3072 2030 3147 quarto
2053 3063 2191 3129 articulo
2214 3063 2287 3128 reii-

288 3149 330 3213 In
357 3172 394 3214 eo
423 3162 534 3214 tamen
561 3150 697 3214 minime
725 3146 897 3231 deceptum
926 3149 1067 3213 arbitror
1095 3148 1180 3231 quod
1203 3150 1261 3215 tibi
1313 3150 1399 3214 citur
1428 3149 1610 3214 defendere.
1655 3150 1707 3214 De
1732 3152 1845 3232 quinto
1875 3149 2011 3214 articulo
2034 3147 2095 3213 tibi
2118 3149 2286 3226 assentior,

290 3236 494 3318 propositum
523 3235 622 3299 fuisse
656 3234 820 3311 iudicavit,
850 3255 905 3298 eos
932 3233 1017 3299 solos
1043 3255 1181 3315 quorum
1204 3236 1263 3301 tibi
1314 3236 1407 3300 cuius
1440 3235 1613 3318 explicatio
1645 3236 1814 3317 scrupulos
1847 3257 1960 3301 omues
1987 3235 2068 3300 alios
2100 3235 2285 3300 discuteret

312 3331 384 3385 rata
406 3333 491 3385 esset
501 3320 687 3387 coniunctio
709 3321 745 3384 in
756 3319 921 3384 seniorum
932 3320 1079 3384 ordinem
1101 3331 1261 3402 cooptare.
1314 3321 1539 3403 Ubiquitatem
1560 3343 1685 3404 quoque
1698 3321 1815 3386 vellem
1838 3320 1976 3386 excludi.
2011 3320 2287 3402 1111111111]-

288 3341 405 3489 111111
427 3405 468 3469 ad
479 3408 664 3472 conflictum
688 3427 723 3471 se
745 3405 810 3468 iam
822 3413 900 3470 tunc
912 3408 1046 3488 paravit.
1081 3405 1169 3471 Hinc
1190 3428 1262 3489 pra·
1315 3405 1409 3470 nibus
1438 3406 1651 3488 supersedere
1681 3419 1751 3471 tuto
1779 3404 1897 3470 licebit.
1947 3407 2034 3472 Vide
2066 3427 2144 3491 ergo
2177 3426 2287 3471 annon

289 3511 350 3556 vae
364 3492 573 3573 suspiciones,
596 3491 673 3556 hinc
695 3493 829 3570 susurri,
848 3491 925 3556 hinc
947 3490 1149 3556 clandestina
1163 3493 1262 3557 collo·
1313 3492 1419 3575 magis
1453 3492 1607 3574 expediat
1642 3499 1676 3556 11
1707 3491 1749 3557 ad
1772 3491 2011 3557 conciliandum
2045 3491 2104 3557 tibi
2138 3493 2288 3557 favorem

289 3577 374 3659 quia,
397 3577 474 3640 hinc
491 3574 630 3659 denique
651 3577 784 3641 emersit
795 3577 1040 3642 contentionum
1063 3577 1158 3660 ignis.
1188 3579 1261 3645 Uti·
1314 3578 1423 3658 aptius
1458 3580 1510 3655 sit,
1544 3600 1627 3661 quae
1655 3579 1801 3662 periculo
1830 3586 1944 3643 carent
1970 3579 2041 3643 sine
2063 3577 2288 3644 controversia

289 3681 367 3727 nam
396 3683 473 3727 vero
503 3663 538 3726 in
564 3683 652 3727 nova
680 3662 874 3741 electione⁶)
904 3663 1024 3727 retenti
1045 3661 1184 3728 fuissent
1205 3663 1261 3745 qui
1314 3662 1496 3740 admittere,
1528 3662 1745 3729 declaratione
1777 3663 1900 3728 illaad
1928 3665 2028 3728 finem
2051 3662 2162 3728 addita
2189 3685 2287 3746 quam

288 3749 381 3830 prius
413 3756 508 3812 erant
541 3746 711 3832 designati.
756 3748 866 3832 Negas
888 3750 1068 3831 perfectum
1089 3750 1262 3813 111111111-
1314 3750 1477 3814 subticere
1498 3750 1548 3814 fas
1570 3759 1717 3815 nonest.
1762 3750 1848 3814 Nam
1871 3750 1967 3815 sicuti
1988 3771 2042 3814 me
2064 3760 2179 3813 autore
2201 3771 2288 3814 nun-

289 3854 402 3898 amen:
426 3834 516 3916 atqui
542 3833 658 3898 saltem
680 3833 785 3898 instar
807 3833 997 3916 praeiudicii
1019 3833 1128 3898 valere
1150 3833 1262 3899 debuit
1314 3854 1411 3916 quam
1427 3834 1468 3899 ab
1482 3837 1626 3919 ingenua
1641 3838 1831 3918 sinceraque
1843 3834 2044 3900 confessione
2059 3834 2222 3914 deflectas,
2240 3835 2289 3899 ita

290 3918 377 4002 quod
400 3929 529 4002 gestum
551 3927 630 3984 erat.
664 3919 781 4001 Itaque
797 3920 938 3985 offensos
955 3921 1054 3984 fuisse
1072 3940 1139 3984 non
1161 3919 1262 3984 1111111·
1314 3928 1352 3983 ut
1369 3918 1410 3984 ab
1427 3919 1537 3985 odioso
1553 3921 1683 3986 fastidio
1700 3942 1816 3986 caveas
1834 3942 1963 4004 semper
1978 3921 2126 3986 hortator
2143 3919 2204 3987 tibi
2221 3941 2287 3986 ero.

289 4006 346 4087 qui
373 4003 413 4069 ad
442 4003 724 4070 teobservandum
745 4006 838 4086 quasi
860 4006 894 4069 in
906 4005 1050 4071 excubiis
1073 4005 1189 4088 vigiles
1211 4026 1262 4070 se·
1401 4005 1452 4070 De
1467 4005 1634 4089 Schaepfflt‘
1655 4006 1765 4072 libello
1787 4006 1846 4072 tibi
1869 4028 1929 4089 ago
1941 4008 2077 4091 gratias:
2101 4007 2188 4071 siin
2206 4016 2288 4071 tcm-

291 4089 425 4156 debant:
461 4100 494 4155 ct
527 4100 647 4167 tamen,
681 4091 766 4173 quod
798 4090 1028 4156 discessionem
1060 4090 1100 4156 ab
1129 4090 1264 4157 ecclesia
1315 4111 1392 4173 pore
1414 4093 1559 4158 venisset
1580 4092 1686 4157 locum
1708 4093 1881 4174 reperisset
1909 4094 1943 4156 in
1965 4113 2080 4156 mensa
2097 4091 2218 4157 sodalis
2235 4093 2288 4156 sui

289 4176 396 4242 facere
421 4176 549 4240 malunt
577 4196 677 4259 quam
705 4176 857 4241 electioni
879 4175 1089 4254 subscribere,
1113 4177 1191 4258 quia
1209 4197 1262 4242 res
1323 4176 1508 4259 Westpbcli:
1538 4178 1595 4242 sed
1618 4178 1685 4242 iam
1714 4178 1823 4260 elapsa
1846 4191 1916 4242 erat
1944 4179 2177 4260 opportunitas.
2233 4177 2288 4242 De

290 4283 331 4327 ex
364 4283 479 4327 eorum
510 4272 586 4326 voto
615 4283 681 4326 non
714 4264 878 4339 successit,
906 4261 1120 4344 pertinaciam
1150 4283 1262 4327 eorum
1315 4257 1440 4328 Illirico
1473 4264 1584 4340 miror,
1615 4265 1669 4346 qui
1702 4266 1852 4346 proxima
1884 4273 2006 4328 aestate
2039 4263 2080 4328 ad
2101 4263 2288 4328 Robertum

290 4345 419 4413 damno.
463 4345 655 4430 Optaudum
676 4347 808 4429 quidem
842 4357 892 4412 est
923 4356 961 4412 ut
982 4356 1098 4431 sponte
1130 4370 1165 4412 se
1200 4349 1262 4430 ipsi
1316 4347 1508 4430 Stephanum
1531 4350 1675 4414 scribens
1689 4360 1878 4415 reverenter
1896 4371 1949 4414 me
1969 4349 2135 4414 salutavit
2170 4348 2288 4429 Quan-

290 4443 409 4518 cogant
435 4434 470 4497 in
495 4432 643 4498 ordinem
666 4453 703 4498 ac
729 4433 896 4498 vobiscum
918 4434 951 4497 in
974 4434 1114 4517 gratiam
1136 4431 1261 4517 placide
1313 4455 1413 4516 quam
1434 4435 1506 4499 fieri
1535 4443 1643 4518 potest
1671 4447 1708 4500 ut
1730 4434 1844 4500 eodem
1872 4457 1936 4518 quo
1961 4433 2157 4516 Schnepsfiue
2177 4442 2289 4500 oestro

290 4517 397 4583 redire
435 4518 597 4584 studeant
651 4516 714 4583 sin
752 4540 831 4583 vero
868 4530 1025 4584 maneant
1056 4519 1261 4595 inflexibiles,
1313 4521 1456 4602 percitus
1496 4522 1530 4584 in
1567 4542 1620 4585 me
1652 4520 1807 4604 prosiliat.
1856 4521 1957 4586 Hunc
1989 4520 2076 4586 enim
2109 4519 2288 4602 aliquando

290 4602 461 4668 ferendum
483 4625 548 4669 non
567 4604 630 4668 erit
648 4604 709 4669 hoc
727 4603 913 4681 divortium,
936 4604 994 4669 sed
1012 4607 1095 4670 forte
1107 4604 1148 4668 D.
1163 4604 1262 4670 01111-
1313 4606 1447 4670 memini
1470 4607 1544 4688 plus
1566 4628 1663 4688 quam
1681 4607 1827 4672 suaviter
1848 4607 1931 4670 mihi
1947 4606 2098 4682 blandiri,
2121 4608 2178 4689 qui
2197 4626 2289 4671 nunc

290 4687 505 4772 1119111111
527 4688 672 4754 dederim
695 4689 821 4755 consilii
844 4691 902 4756 tibi
924 4692 1056 4772 aperiet.
1314 4689 1375 4756 sibi
1404 4713 1533 4757 mecum
1560 4693 1643 4756 nihil
1665 4713 1810 4775 unquam
1832 4693 1932 4758 fuisse
1953 4694 2057 4776 fingit
2102 4692 2229 4757 Verum
2247 4693 2289 4757 li-

376 4773 473 4854 Quod
495 4772 536 4838 ad
560 4774 746 4852 8111111117)
759 4796 868 4840 meum
892 4778 1042 4860 pertinet,
1066 4776 1092 4840 si
1115 4776 1176 4843 hac
1198 4777 1262 4842 iter
1313 4777 1371 4843 bro
1401 4798 1506 4860 nuper
1536 4789 1651 4844 contra
1682 4777 1890 4860 Wctptatcm
1912 4779 1999 4843 edito
2021 4778 2101 4843 satis
2124 4799 2289 4862 superque

1313 4863 1355 4927 ad
1373 4864 1509 4928 naenias
1531 4867 1620 4940 istas,
1632 4864 1749 4946 quibus
1770 4863 1854 4928 nihil
1866 4864 2011 4947 putidius
2033 4875 2082 4928 est
2106 4865 2157 4928 vel
2181 4866 2289 4948 magis

392 4943 420 5008 5)
440 4944 523 4999 Recte
539 4952 617 5000 norat
639 4947 696 5000 ciri
716 4948 927 5002 inmusulum
949 4948 998 5016 qui
1022 4963 1101 5001 mm
1127 4949 1261 5002 tramitem
1312 4949 1483 5024 insulsum,
1506 4949 1695 5016 refutandas
1716 4950 1888 5016 defunctus
1909 4948 2031 5014 videor.

289 5013 369 5078 W
384 5012 547 5150 {augg
561 5016 722 5150 xm„
737 5085 916 5152 praumato.
1399 5036 1461 5103 Est
1489 5034 1541 5101 hic
1571 5037 1700 5120 Anglus
1729 5035 1860 5119 quidam
1888 5038 1944 5119 qui
1973 5057 2008 5100 se
2039 5037 2176 5100 honeste
2199 5037 2290 5119 apud

394 5149 518 5212 ’011111
545 5152 708 5232 rqspondent
733 5153 772 5206 cd
795 5159 925 5208 1111111111
952 5153 1062 5207 Paucas·
1086 5169 1156 5223 quus
1182 5154 1261 5209 uobis
1314 5159 1517 5168 “—

289 5217 399 5288 quidem
416 5219 513 5273 utrm
528 5220 593 5285 [111.
1414 5224 1445 5288 8)
1465 5224 1531 5278 Nou
1548 5230 1643 5279 exstat.
