4754 5880
132 341 149 401 ⁵
988 342 1068 403 1556
1089 338 1279 405 IANUAR.
2116 343 2136 405 a

136 547 208 592 cnm
230 527 376 608 ipsorum
388 526 531 603 asseclis,
553 546 654 609 quum
677 524 713 589 in
725 524 873 592 doctrina
894 536 964 592 tum
987 527 1022 591 in
1041 527 1111 592 vita
1161 526 1247 611 quod
1264 528 1363 594 faciet
1384 525 1424 590 ad
1446 548 1560 611 pacem
1579 527 1825 594 etoonoordiam
1839 529 2060 607 ecclesiarum,
2079 550 2139 594 vo-

137 620 170 677 et
196 613 459 678 conversatione:
494 610 611 677 deinde
637 610 716 694 quid
734 611 807 677 illos
828 610 871 675 ad
893 613 975 678 tales
997 613 1110 679 turbas
1161 614 1210 679 bis
1243 614 1487 696 quamprimum
1528 615 1727 698 significabo.
1783 614 1875 680 Nihil
1908 617 1998 681 enim
2029 615 2138 699 magis

137 699 291 777 inciterit,
322 720 385 781 quo
417 697 513 762 modo
545 697 647 762 fuerit
678 697 865 764 Hieremias
898 707 1058 765 tractatus
1092 720 1112 764 a
1160 715 1257 782 qoam
1270 700 1476 765 ecclesiarum
1490 701 1705 780 concordiam,
1718 702 1814 766 modo
1832 703 1876 766 sit
1886 703 1981 766 iuxta
1998 700 2135 765 verbum

136 782 266 849 Iudaeis
283 794 342 850 etc.
381 784 473 849 Haec
492 786 618 848 interea
638 785 748 848 omnia
766 785 847 850 facio
869 785 952 850 citra
969 783 1111 863 dentem,
1161 786 1305 862 Domini,
1329 785 1433 867 cupio.

135 879 293 954 quantum
327 871 399 935 fieri
431 879 556 953 potest,
591 878 624 933 et
657 879 816 951 quantum
849 892 901 936 res
933 872 1006 953 ipsa
1038 874 1111 936 fert.
1248 872 1365 954 Legati
1377 870 1587 953 Imperatoris
1608 870 1713 955 pridie
1734 872 1798 937 huo
1820 880 1983 937 venerunt
2005 873 2136 938 nominc

136 955 208 1021 Hoc
240 967 400 1039 perpetuo
429 978 507 1038 prae
540 955 642 1021 oculis
675 956 789 1032 habeo,
824 964 861 1020 ut
894 977 974 1021 vera
1005 955 1111 1023 dicam
1165 958 1252 1042 regis
1271 957 1467 1041 Anglorum,
1486 978 1596 1040 paoem
1616 973 1649 1022 ot
1666 958 1840 1022 amicitiam
1859 968 2008 1040 petentes
2031 967 2063 1022 et
2082 980 2138 1022 an-

136 1057 220 1124 quae
249 1042 380 1106 anullo
402 1043 566 1107 infitiari*
594 1053 740 1124 possunt.
780 1043 866 1107 Nam
889 1064 958 1107 rem
981 1063 1111 1107 omnem
1162 1044 1357 1108 nunciantes
1379 1044 1531 1108 omnibus
1552 1044 1754 1127 principibus
1767 1044 1974 1122 Germaniae,
1993 1043 2138 1126 adeoque

137 1128 185 1191 uti
207 1137 300 1212 gesta
321 1138 372 1192 est
383 1128 575 1211 simpliciter
596 1147 694 1192 narro
706 1129 829 1211 absque
846 1128 919 1194 fuco
942 1139 1001 1193 aut
1020 1150 1111 1193 men·
1162 1129 1224 1194 toti
1245 1129 1391 1211 imperio,
1416 1139 1577 1211 quantum
1600 1130 1756 1212 intelligo.
1801 1130 1909 1194 Multa
1927 1131 2080 1194 feruntur
2098 1130 2138 1194 de

138 1213 227 1278 dacio
257 1214 374 1297 aliquo.
414 1214 485 1278 Imo
513 1228 548 1278 et
573 1213 687 1279 multis
714 1214 847 1279 honoris
876 1215 983 1298 gratia
1003 1234 1111 1297 parco,
1162 1215 1365 1298 Imperatore
1388 1215 1484 1280 etde
1506 1215 1654 1294 Gallo,⁶l
1684 1228 1716 1279 at
1740 1236 1799 1298 ego
1823 1216 1970 1299 relinquo
1987 1215 2045 1278 illa
2066 1236 2136 1279 om-

136 1301 189 1381 qui
209 1311 317 1364 mmen
341 1300 415 1364 rudi
439 1320 475 1366 ac
498 1321 614 1364 severo
634 1301 763 1383 pectine
781 1299 872 1382 digni
893 1312 1010 1367 essent.
1040 1301 1112 1367 Hoc
1162 1300 1219 1365 nia
1241 1301 1317 1365 filiis
1340 1300 1439 1365 huius
1461 1302 1591 1367 saeculi.
1635 1302 1769 1366 Interea
1791 1299 1831 1365 do
1852 1323 1984 1385 operam
2003 1301 2139 1385 diligen·

137 1394 245 1451 autem
278 1388 361 1451 facio
394 1408 459 1451 non
487 1396 555 1450 tam
586 1395 624 1449 ut
651 1407 784 1451 causam
818 1408 926 1450 meam
946 1387 1111 1470 privatam
1163 1397 1223 1465 ter,
1246 1398 1283 1450 ut
1306 1386 1455 1452 dominos
1473 1408 1563 1452 meos
1582 1387 1822 1453 illustrissimos
1844 1388 2008 1471 principes
2030 1387 2137 1451 iunio-

136 1492 233 1554 quam
267 1473 392 1538 Christi
422 1472 559 1538 Domini
593 1471 657 1535 mei
690 1479 725 1535 et
753 1472 907 1537 ecclesiae
929 1484 1026 1555 atque
1047 1475 1111 1537 mei
1163 1494 1217 1538 res
1239 1471 1370 1556 duos,⁷)
1394 1494 1461 1537 una
1481 1494 1556 1538 cum
1577 1472 1635 1536 illo
1661 1474 1724 1537 alio
1743 1474 1798 1555 qui
1821 1496 1860 1537 ex
1884 1473 2028 1552 Saxonis
2047 1474 2139 1537 venit

138 1559 313 1623 ministerii
346 1568 441 1624 tuear
473 1579 511 1623 ac
543 1557 719 1623 vindicem.
766 1559 899 1622 Etenim
933 1560 960 1622 si
985 1558 1024 1623 de
1047 1559 1112 1622 illis
1163 1560 1343 1636 instituam,
1372 1569 1410 1623 ut
1432 1580 1531 1641 quum
1556 1580 1665 1623 meum
1684 1560 1870 1623 institutum
1894 1560 2063 1624 absolvero
2085 1581 2138 1624 me

138 1644 249 1710 ulcisci
270 1666 432 1728 euperem,
446 1666 574 1727 possem
593 1645 733 1727 egregie,
755 1653 789 1707 et
809 1666 927 1727 corpus
950 1666 1016 1709 una
1038 1666 1111 1710 cum
1163 1667 1277 1709 rursus
1299 1644 1335 1708 in
1353 1653 1479 1709 coetum
1498 1644 1645 1709 fidelium
1674 1644 1759 1727 apud
1784 1665 1840 1708 vos
1863 1647 2026 1727 recipiam.
2070 1645 2138 1709 Ne·

140 1731 277 1796 fortunis
305 1731 450 1813 perdere.
492 1734 540 1795 At
564 1731 648 1794 absit
676 1741 715 1792 ut
744 1731 774 1794 ei
803 1729 941 1813 gloriam
965 1730 1110 1795 auferam
1164 1752 1225 1812 que
1248 1731 1333 1794 enim
1358 1731 1422 1796 huo
1444 1732 1521 1795 veni
1538 1740 1576 1795 ut
1597 1730 1638 1794 ad
1660 1733 1760 1794 vitam
1785 1751 1962 1808 manerem,
1985 1730 2043 1795 scd
2065 1740 2137 1795 tan-

139 1817 195 1900 qui
213 1817 306 1883 dicit:
352 1816 436 1882 Mihi
460 1815 666 1882 vindictam*
688 1826 722 1880 et
744 1837 804 1900 ego
826 1825 920 1881 caett.
966 1815 1113 1897 Quodsi
1163 1827 1234 1880 tum
1269 1815 1310 1879 ad
1339 1826 1478 1899 tempus,
1512 1817 1613 1882 donec
1642 1817 1807 1898 perficiam
1835 1817 1867 1881 id
1891 1817 1932 1880 ad
1955 1815 2135 1899 quodsum

138 1912 289 1986 putarem
317 1903 379 1969 hoc
402 1924 511 1967 mcum
538 1902 725 1965 institutum
745 1922 812 1966 non
834 1923 1033 1984 promovere,
1056 1902 1114 1967 sed
1164 1913 1311 1967 vocatus.
1352 1902 1425 1966 Hoc
1446 1924 1546 1984 quum
1570 1903 1740 1966 absolvero
1763 1903 1845 1966 liber
1868 1924 1951 1980 sum,
1971 1901 2138 1968 absolvam

138 1991 247 2072 potius
270 1987 426 2071 impedire
456 1988 595 2072 gloriam
618 1985 744 2053 Christi
767 1987 832 2051 mei
850 2001 907 2052 aut
925 1989 1063 2054 salutem
1082 1998 1115 2054 et
1164 1997 1274 2052 autem
1298 1986 1422 2053 duobus
1445 1986 1486 2052 ad
1508 1989 1645 2052 nimium
1669 1990 1773 2053 annis.
1811 1990 1942 2052 Etenim
1966 1992 2045 2053 satis
2067 1988 2139 2053 feli·

139 2073 397 2140 aedificationem
431 2074 601 2149 ecclesiae,
634 2094 694 2156 ego
717 2075 824 2156 potius
847 2076 914 2157 igni
936 2096 1032 2155 quam
1062 2084 1113 2159 ty·
1165 2076 1246 2139 cit-er
1264 2073 1443 2139 succedunt
1465 2081 1579 2138 nostra
1601 2075 1708 2138 studia
1731 2075 1889 2139 beneficio
1908 2076 2056 2139 Domini:
2079 2074 2139 2138 ha·

138 2162 305 2245 pographo
328 2162 485 2243 scriptum
508 2160 569 2225 hoc
590 2181 700 2224 meum
725 2159 897 2224 traderem.
935 2161 1115 2224 'Minuatur
1166 2159 1225 2224 beo
1259 2160 1359 2224 etiam
1389 2159 1508 2226 dociles
1543 2172 1576 2223 et
1612 2160 1789 2225 benevolos
1818 2161 2001 2243 discipulos,
2035 2159 2138 2225 habeo

142 2247 321 2312 &amerius
356 2258 388 2311 et
421 2259 545 2312 crescat
573 2245 742 2310 Christus!
801 2247 921 2310 Pereat
953 2254 991 2310 111
1024 2246 1114 2311 vivat
1162 2256 1332 2328 praeterea
1343 2245 1523 2328 principem
1536 2246 1823 2311 clementissimum
1837 2259 1933 2329 atque
1946 2248 2138 2323 beneficum,

139 2332 203 2410 ille,
234 2332 387 2416 quoniam
421 2333 477 2410 sic,
502 2331 579 2396 dum
612 2335 697 2415 perit
714 2353 773 2415 pro
796 2331 938 2409 Christo,
962 2341 1114 2397 servatur
1164 2331 1244 2396 adeo
1267 2341 1303 2396 ut
1324 2331 1407 2395 nihil
1426 2332 1506 2395 mihi
1529 2331 1623 2396 desit.
1657 2330 1779 2397 Omnia
1796 2333 1882 2396 onim
1907 2332 1986 2396 mihi
2009 2353 2050 2397 cx
2065 2344 2139 2397 arce

140 2440 213 2484 cum
236 2420 379 2484 Christo.
419 2419 492 2483 Hoc
514 2419 666 2501 inprimis
689 2428 836 2499 spectare
858 2417 1023 2496 debemus,
1043 2419 1112 2502 glo·
1165 2418 1459 2483 subministrantur
1492 2439 1551 2500 pro
1580 2418 1713 2492 familia,
1742 2430 1911 2501 praeterea
1940 2419 2137 2501 stipendium

138 2506 220 2569 riam
243 2505 370 2570 Christi
392 2515 426 2568 ot
449 2503 588 2569 salutem
611 2504 767 2586 proximi:
788 2503 873 2585 quod
896 2512 929 2567 et
951 2524 1003 2568 me
1022 2526 1113 2587 spec-
1165 2504 1342 2568 honestum
1371 2504 1471 2586 duplo
1500 2505 1607 2568 maius
1629 2525 1725 2586 quam
1751 2506 1963 2588 Argentinao.
2006 2504 2139 2569 Lentis-

136 2599 224 2656 tasse
245 2603 325 2674 puto
348 2593 383 2654 in
405 2591 466 2656 hoe
488 2611 561 2654 meo
579 2589 697 2654 libello.
732 2591 778 2654 At
799 2590 952 2671 quoniam
975 2591 1112 2672 quisquc
1163 2591 1246 2654 sime
1267 2591 1338 2653 sine
1360 2588 1510 2654 molestia
1531 2598 1565 2653 et
1585 2589 1695 2654 labore
1719 2591 1870 2654 vivimus.
1901 2590 1987 2655 Caro
2010 2593 2139 2674 sagina-

138 2697 252 2744 caeous
286 2688 336 2742 est
366 2677 400 2740 in
430 2678 564 2760 propria
585 2696 691 2753 causa,
716 2684 862 2740 vestrum
884 2675 1040 2741 iudicium
1063 2683 1111 2739 at
1164 2685 1233 2739 tur:
1263 2682 1297 2739 at
1324 2676 1459 2758 spiritus
1480 2697 1546 2740 non
1569 2684 1636 2739 tem
1660 2676 1743 2740 bene
1772 2696 1832 2740 nco
1854 2687 1921 2740 tam
1944 2676 2070 2742 sincere
2092 2677 2141 2740 in-

138 2783 200 2846 que
228 2764 400 2829 consilium
424 2770 507 2846 pcto,
530 2762 564 2825 in
587 2780 652 2843 quo
674 2761 827 2843 polliceor
844 2782 898 2826 me
920 2781 1111 2826 mansurum
1164 2761 1266 2827 servit
1296 2761 1426 2825 Christo
1455 2782 1553 2845 quam
1579 2761 1613 2824 in
1636 2761 1801 2826 laboribus
1824 2763 1990 2827 aerumnis
2012 2761 2139 2826 sudori-

138 2851 281 2914 omnino.
321 2852 474 2933 Agnosco
493 2850 580 2912 enim
598 2869 658 2912 vos
675 2846 958 2929 qualeshactenus
981 2848 1111 2932 agnovi,
1163 2847 1224 2912 bus
1236 2857 1270 2911 et
1287 2847 1456 2932 angustiis.
1491 2847 1564 2911 Hoc
1582 2857 1721 2912 testatur
1738 2848 1936 2912 conscientia
1957 2848 2038 2931 ipsa,
2056 2847 2139 2913 velit

138 2956 255 3018 nempe
278 2944 388 3018 patres
410 2955 448 3000 ac
465 2943 693 3016 praeceptores
715 2953 805 2997 meos
827 2933 1020 3011 carissimos,
1040 2935 1111 3017 qui·
1164 2933 1246 2997 nolit
1265 2953 1350 2998 caro.
1365 2937 1391 3009 ⁸)
1424 2933 1501 2999 Mea
1523 2954 1606 2998 uxor
1622 2943 1778 3017 perpetuo
1789 2933 1986 3013 infirmatur,
2008 2943 2045 2999 ut
2061 2933 2139 2998 hac·

138 3021 198 3086 bus
230 3043 282 3086 me
314 3025 423 3104 ipsum
458 3020 559 3084 debeo
592 3020 628 3083 in
651 3017 785 3085 Christo
809 3018 895 3084 Iesu.
940 3017 1057 3102 Itaque
1074 3028 1112 3084 ut
1163 3028 1268 3083 tenus.
1309 3018 1435 3084 Idcirco
1464 3026 1593 3084 vostros
1620 3029 1654 3082 et
1682 3019 1836 3084 ecclesiae
1862 3039 1973 3101 preces
1995 3019 2139 3102 postulat

136 3106 218 3171 mihi
249 3107 448 3189 respondere
478 3105 658 3189 dignemini
686 3126 808 3188 precor,
832 3113 866 3169 et
886 3127 945 3189 per
967 3113 1112 3170 servato·
1162 3126 1226 3189 quo
1238 3105 1402 3170 Dominus
1420 3105 1576 3188 dignetur
1593 3105 1683 3169 illam
1702 3105 1860 3170 consolari
1883 3106 2001 3188 spiritu
2024 3113 2138 3170 sancto

136 3214 206 3258 rem
232 3203 382 3258 nostrum
418 3192 589 3257 Christum
627 3190 738 3256 Iesum
766 3191 909 3256 obsecro.
952 3191 1026 3274 Ego
1055 3212 1110 3256 ero
1163 3210 1229 3256 suo.
1276 3190 1393 3256 Valete
1417 3199 1575 3274 perpetuo
1604 3191 1724 3269 felices,
1755 3191 1872 3274 optimi
1894 3200 2015 3274 patres,
2033 3200 2068 3256 et
2084 3211 2139 3257 me

136 3278 372 3344 Franclordiae
393 3279 428 3343 in
446 3278 608 3362 proximis
626 3276 782 3342 nundinis
805 3278 934 3343 favente
956 3277 1041 3341 Deo:
1064 3278 1110 3344 ibi
1162 3278 1212 3341 uti
1244 3276 1355 3343 soletis
1377 3286 1493 3341 amate.
1537 3276 1702 3341 Dominus
1729 3276 1821 3341 Deus
1844 3274 1923 3359 Opt.
1947 3278 2036 3342 Max.
2060 3297 2139 3342 suae

135 3366 314 3449 spectabo*
332 3385 533 3447 rssponsum.
1161 3362 1316 3428 ecclesiae
1339 3362 1395 3427 diu
1418 3384 1475 3427 vos
1497 3371 1607 3428 servet
1618 3363 1805 3437 incolumes,
1826 3364 2007 3445 spirituque
2025 3370 2138 3429 sancto

220 3450 398 3518 Caeterum
418 3472 476 3531 ego
494 3448 670 3532 aliquando
688 3471 747 3531 per
769 3450 971 3515 occasionem
994 3449 1109 3531 loquu·
1161 3469 1221 3513 suo
1244 3470 1345 3531 usque
1367 3448 1403 3512 in
1425 3449 1528 3513 vitam
1552 3460 1718 3513 aeternam
1739 3446 1868 3532 dirigat.
1906 3452 2023 3513 Amen.
2060 3449 2138 3516 Cas·

137 3545 190 3602 tus
213 3559 288 3602 sum
309 3559 383 3602 cum
411 3536 633 3602 illustrissimo
654 3536 802 3618 principe
825 3555 896 3598 meo
918 3534 958 3598 de
977 3535 1109 3601 consilio
1161 3534 1250 3600 sellis
1268 3540 1297 3599 8.
1321 3534 1468 3600 Ianuarii
1490 3540 1581 3599 1516.

134 3624 292 3689 nationali
304 3622 453 3688 habendo
475 3644 534 3705 pro
553 3621 726 3688 concordia
738 3621 957 3698 ecclesiarum,
968 3624 996 3702 ⁴)
1019 3642 1111 3703 prae·

135 3711 247 3775 sertim
282 3711 314 3773 in
343 3728 442 3774 eausa
474 3707 711 3785 sacramentali,
746 3708 793 3771 uti
817 3707 895 3771 olim
916 3708 1038 3772 factum
1061 3715 1111 3773 est

134 3795 316 3880 Ilarburgi,
338 3805 371 3860 et
390 3804 427 3858 ut
454 3802 653 3860 vocarentur
677 3792 857 3859 doctissimi
879 3793 942 3856 viri
960 3794 1000 3859 ab
1023 3803 1110 3857 utra-

134 3902 199 3962 qua
220 3891 322 3964 parte.
362 3880 456 3945 Inter
473 3888 617 3945 caeteros
638 3881 807 3944 nominavi
828 3878 871 3941 D.
893 3877 1059 3944 Caluinum
1077 3887 1110 3943 et

133 3966 364 4052 Bulliuyerum,
388 3987 469 4049 quos
492 3967 590 4031 etiam
613 3967 649 4030 in
670 3986 798 4030 summo
820 3965 924 4047 pretio
946 3963 1053 4041 habet,
1071 3973 1109 4030 ut

132 4075 194 4138 par
216 4061 275 4120 est.
319 4053 405 4118 Nam
430 4063 462 4117 et
491 4052 532 4116 de
553 4061 690 4134 utroque
712 4051 1040 4116 honorificentissime
1061 4050 1108 4115 lo·

134 4140 254 4223 quitur.
284 4142 339 4218 At,
360 4140 467 4221 inquit
484 4138 549 4216 ille,
568 4139 630 4203 hoc
651 4138 724 4202 fieri
746 4159 812 4203 non
835 4144 950 4220 potest,
970 4157 1028 4201 nec
1050 4159 1108 4202 ex-

176 4225 238 4300 dit,
285 4226 347 4291 hoc
393 4225 588 4308 praesertim
628 4233 774 4307 tempore
814 4222 1106 4288 turbulentissimo.
1682 4291 1686 4300 ,
1864 4288 1868 4297 ,
1995 4286 2000 4297 ,
2099 4287 2104 4298 ,

170 4313 223 4378 'cit
244 4319 415 4395 praeterea
436 4310 560 4376 indicta
581 4330 653 4376 esse
675 4330 789 4374 rursus
807 4309 937 4374 comitia
959 4309 1108 4374 Tridenti
1159 4359 1192 4412 de
1209 4284 2138 4423 ίηαξζϋζἪ’2ξὲθᾶἰἒξηξξαὲἑᾶθζῇξζαὶἶθῖαῗι’θθὸιῧᾞ

133 4397 175 4463 “d
196 4398 276 4498 Kal-¹
295 4398 429 4496 Apl'ssisr
456 4396 700 4494 adfutumflque,
719 4394 922 4494 d⁰⁰tiqsim⁰³
945 4396 1042 4460 etiam
1066 4417 1108 4461 ⁰¹
1158 4429 1213 4482 sibi
1227 4430 1292 4483 colit
1309 4428 1342 4482 ds
1360 4375 1423 4496 sepi
1439 4375 1589 4494 Aliquorum
1607 4442 1663 4479 uon
1681 4426 1861 4493 assequimur.
1935 4395 1941 4405 ³

130 4483 296 4549 Helvetiis
317 4482 489 4566 aliquot.⁵)
518 4483 590 4566 Ilgo
612 4481 703 4546 nolui
724 4482 862 4547 ulterius
877 4501 1003 4564 urgere.
1038 4481 1107 4545 llx-
1262 4494 1291 4559 71
1312 4496 1404 4549 Eram
1424 4496 1570 4564 Philippos
1588 4494 1632 4548 11.
1656 4501 1739 4546 naras
1766 4491 1873 4545 154111
1893 4489 2028 4560 ostryam
2051 4498 2135 4548 natus

133 4570 286 4652 gpffitssbo
318 4571 417 4633 finem
442 4569 580 4634 istorum
608 4568 831 4645 comitiorum,
864 4575 942 4631 tuno
976 4587 1107 4631 purgum
1160 4563 1235 4620 1547.
1272 4565 1375 4619 Frater
1399 4581 1491 4618 eorum
1509 4570 1579 4618 natu
1596 4568 1684 4616 maior
1705 4562 1866 4615 Guilt'elmus
1885 4576 1902 4612 a
1923 4568 2002 4627 putre
2021 4567 2137 4630 tempore

131 4676 192 4740 per
220 4656 420 4722 occasionem
454 4655 578 4738 loquar,
608 4663 706 4737 atque
739 4651 768 4718 si
799 4651 876 4735 quid
906 4651 1107 4718 suboliecero
1155 4633 1416 4773 fficf'ffirkgffl
1424 4628 2135 4771 {slffimig‘cffpgffim(fflioffmfflfflfflluje'z

1160 4772 1282 4827 Grossm.
1300 4771 1477 4839 Nucbfolqer.
1507 4769 1600 4825 Caesel
1617 4767 1693 4838 1856,
1711 4785 1738 4836 p.
1758 4767 1796 4830 5.)

1260 4839 1292 4904 8)
1309 4842 1366 4896 Hic
1388 4841 1459 4894 duce
1485 4840 1573 4893 liaeus
1596 4839 1631 4892 ab
1656 4840 1717 4905 ipsc
1735 4844 1831 4891 autore
1857 4837 1896 4891 sic
1919 4843 2072 4892 atramento
2092 4838 2137 4891 111-

233 4929 264 4997 4)
283 4929 430 4998 pagam,
451 4945 466 4983 ι
489 4929 647 4998 „aptam
671 4927 802 4982 mmm,
825 4926 960 4994 prgam
986 4940 1050 4981 ,μω
1074 4926 1107 4980 <10
1157 4910 1237 4966 ducto
1255 4907 1837 4975 11111111111111111111111111111111111111.

129 4998 311 5081 cqucdiuuds's
327 4999 535 5067 memorantium
551 4998 680 5067 portubus
697 5001 812 5051 cosmus
827 4996 915 5050 denuc
926 4997 1107 5064 assumpsisse

128 5067 262 5202 admit)
284 5135 386 5189 Falsus
402 5135 447 5190 liic
463 5151 567 5189 rumor.
604 5135 711 5189 Paulus
731 5132 784 5187 IV.
802 5134 911 5186 minim
934 5130 967 5186 ds
988 5132 1105 5186 redinte-

127 5205 238 5275 pasco
248 5204 363 5260 emedio
373 5205 516 5274 aequabat,
535 5210 562 5259 st
577 5206 603 5257 ss'
619 5204 660 5258 cel
676 5203 821 5272 cogitasset
834 5206 1017 5271 prcustautes
1034 5218 1104 5256 uuu-

128 5289 211 5345 ςυαιι
230 5276 395 5331 adsccumt

1295 3673 1436 3750 Parcite,
1456 3692 1586 3754 quaeso,
1604 3669 1691 3753 stylo
1713 3680 1747 3734 et
1768 3690 1821 3735 ca·

1245 3758 1339 3823 lamo.
1382 3756 1550 3823 Salutatos
1573 3757 1711 3839 denique
1734 3756 1829 3839 cupio

1245 3864 1359 3909 omnes
1381 3844 1508 3921 fratres,
1531 3844 1624 3908 verbi
1638 3841 1699 3906 Dei
1718 3843 1830 3907 minis·

1246 3940 1322 3995 tros.
1364 3928 1494 4010 Quibus
1511 3928 1672 4005 omnibus,
1696 3928 1753 3992 sed
1772 3951 1827 3992 vo-

1245 4016 1294 4081 bis
1320 4016 1482 4097 inprimis,
1510 4014 1655 4079 faustum
1683 4014 1825 4079 felicem-

1245 4121 1307 4184 que
1329 4122 1452 4167 annum
1474 4121 1596 4184 precor.
