4754 5880
990 367 1069 427 1556
1093 363 1246 430 APRIL.

557 548 656 618 5555.

238 669 240 671 ’
327 699 888 771 51155555555555515.

208 870 373 937 Rationem
400 873 503 937 reddit
523 874 736 939 molestiarum
757 876 793 940 m
814 896 895 956 5555
917 896 978 940 cae
999 878 1092 958 calpa

118 977 207 1022 soror
239 958 308 1022 eiua
341 957 482 1023 Gmecac
523 961 641 1025 1551511.
688 959 792 1025 Simul
832 961 937 1041 ipsias
969 963 1093 1027 laudem

119 1044 314 1193 ί1281555555
342 1045 474 1128 perenm
496 1045 666 1125 praedicat
696 1052 724 1111 et
750 1047 793 1111 ed
809 1048 1001 1129 perpendam
1022 1048 1090 1111 lior·

121 1300 179 1363 (Ex
196 1315 298 1353 555555
315 1301 478 1368 exemplari,
501 1302 529 1355 in
553 1301 628 1354 cuiue
647 1309 725 1371 tergo
743 1301 848 1355 Oalvini
865 1320 945 1356 mauu
963 1304 1092 1372 seriptum

121 1376 176 1422 est:
203 1368 350 1436 Peraeam,
364 1370 385 1433 ¹)
409 1369 473 1423 cod.
493 1370 593 1424 (15555.
612 1369 686 1434 1015,
707 1371 752 1424 151.
772 1369 834 1432 132;
858 1372 929 1441 1155.
948 1372 1028 1425 Β555.
1047 1373 1092 1425 vl.

432 1435 491 1492 598.
527 1439 632 1494 Simler.
651 1439 712 1493 Vol.
731 1438 787 1507 87.)

207 1608 243 1673 S.
277 1607 329 1674 De
361 1631 471 1675 sorore
491 1620 550 1675 tua
570 1612 663 1694 prius
685 1631 783 1693 quam
806 1611 920 1676 literae
938 1621 1014 1676 tuae
1038 1634 1090 1677 55-

119 1694 240 1769 515551,
263 1696 385 1777 5511515
407 1695 517 1772 155155,
541 1697 606 1760 1551
629 1719 680 1761 555
703 1695 963 1761 55115551515515
985 1709 1091 1762 15555-

120 1788 193 1846 aeta
214 1780 329 1845 fuerat.
370 1779 496 1846 Durius
518 1782 618 1846 luisse
641 1783 735 1847 initio
761 1791 931 1864 exceptam
954 1803 1020 1847 non
1042 1792 1091 1847 est

120 1863 207 1948 quod
239 1866 376 1932 mireris.
417 1869 578 1933 Taeuerat
604 1867 651 1932 de
679 1868 839 1951 coniugio,
862 1866 1032 1951 gravidam
1054 1889 1090 1934 se

120 1972 190 2017 esse
220 1974 287 2017 nou
319 1953 456 2019 dixerat.
496 1953 675 2036 Postquam
705 1953 837 2019 aliunde
858 1954 1003 2021 innotuit
1024 1954 1089 2018 loe·

118 2050 188 2103 tum
207 2060 266 2103 sex
277 2040 438 2104 mensium
460 2059 532 2103 eam
554 2049 692 2122 gestare,
716 2039 883 2104 silentium
906 2039 997 2104 bonis
1019 2060 1087 2103 om-

117 2123 214 2189 nibus
246 2126 364 2189 meritc
396 2137 582 2208 suspectum
611 2125 681 2201 luit,
715 2145 774 2190 uec
807 2146 923 2207 parum
952 2123 1088 2190 offendit

117 2224 184 2275 15111
210 2212 328 2293 supina
355 2211 424 2275 eius
452 2212 618 2275 securitas.
659 2211 706 2275 Et
726 2222 813 2275 certe
836 2223 903 2276 tota
924 2210 981 2275 illa
1003 2212 1087 2275 ratio

117 2295 359 2361 inconsiderata
376 2295 450 2371 fuit,
472 2296 644 2361 eclaustre
663 2317 728 2360 nou
752 2297 842 2378 prius
866 2296 976 2378 egredi
987 2318 1085 2379 quam

117 2380 251 2462 plenum
274 2389 402 2446 uterum
415 2383 554 2447 efferret.
598 2381 671 2446 Imo
692 2382 803 2447 ambos
825 2381 884 2447 sub
904 2382 1087 2447 monachali

2053 378 2114 441 106

1145 553 1261 618 frater:
1292 554 1357 617 ime
1392 554 1443 619 his
1472 554 1600 620 levibus
1630 560 1794 624 exercitiis
1823 559 1864 625 ad
1893 562 2051 640 obeunda,
2085 565 2111 628 si

1144 660 1226 722 opus
1254 639 1306 713 sit,
1334 641 1458 704 maiora
1487 643 1668 707 certamina
1689 654 1721 708 te
1739 665 1915 729 compares.
1957 649 2025 713 Nes
2042 651 2113 731 qui·

1145 723 1218 788 dem
1247 725 1461 789 incommodis
1484 727 1548 790 tuis
1566 727 1821 796 condolescimus
1840 743 1878 796 ut
1899 755 1958 815 par
1981 748 2039 810 est,
2059 737 2112 817 qui

1144 810 1203 875 tibi
1235 809 1394 875 vellemus
1422 813 1553 893 optime,
1573 814 1683 878 frater.
1728 816 1845 881 Sedte
1866 818 1901 881 15
1925 839 2022 883 eursu
2046 839 2113 884 15111

1143 895 1309 977 praeclare
1331 896 1459 980 fatigari
1480 899 1614 962 minime
1624 902 1784 978 convenit,
1808 907 1997 984 praesertim
2014 927 2113 987 quum

1144 982 1257 1046 miultis
1286 989 1318 1045 15
1344 1003 1408 1045 555
1434 983 1626 1064 vulgaribus
1653 986 1775 1052 solatiis
1794 986 1957 1053 Dominus
1974 991 2015 1054 ad
2037 1012 2112 1056 con·

1145 1069 1298 1132 stantiam
1322 1068 1451 1131 animet.
1483 1068 1564 1133 Vale
1582 1071 1691 1153 igitur,
1714 1072 1918 1139 frateruobis
1936 1078 2113 1155 carissime,

1145 1174 1219 1220 cum
1255 1164 1323 1216 tota
1355 1154 1491 1218 eeclesia
1520 1176 1618 1236 quam
1652 1169 1762 1222 nostro
1796 1161 1925 1226 nomine
1945 1162 2111 1227 salutabis.

1145 1238 1298 1304 Christus
1328 1260 1385 1302 vos
1417 1260 1531 1304 omnes
1558 1252 1689 1306 tueatur
1715 1264 1774 1306 suo
1802 1246 1971 1327 praesidio,
1995 1249 2112 1329 spiritu

1145 1323 1313 1407 gubernet,
1359 1327 1465 1389 omnis
1499 1325 1729 1392 benedictionis
1769 1352 1887 1414 genere
1927 1332 2110 1416 locupletet.

1145 1408 1257 1475 idibus
1280 1409 1404 1492 Aprilis
1432 1416 1521 1475 1556.

1618 1547 1663 1612 Io.
1688 1548 1826 1615 Carolus
1847 1550 2027 1618 Passellius

1602 1655 1661 1698 suo
1683 1648 1714 1698 et
1735 1635 1874 1700 fratrum
1895 1640 2037 1703 nomine.

1572 2230 1674 2301 243⁰.

1331 2385 1567 2453 CALVINUS
1589 2386 1742 2452 PETRO
1764 2388 1930 2455 FABRO.

118 2467 234 2531 habitu
259 2468 365 2533 instar
391 2469 566 2551 coniugum
588 2468 793 2531 familiariter
821 2468 919 2532 simul
941 2479 1088 2534 versatos

118 2574 188 2618 esee
209 2551 333 2635 absque
355 2554 518 2636 evangelii
538 2552 656 2637 probro
674 2574 742 2617 555
763 2562 814 2618 551
830 2552 992 2620 credibile.
1027 2555 1086 2617 At·
1227 2554 1373 2620 Iuemem
1402 2557 1486 2623 etms
1516 2560 1655 2640 1511515511
1687 2559 1729 2623 aa
1754 2561 1901 2639 pietatem
1929 2561 2109 2626 exhortetur

118 2660 180 2721 que
211 2638 298 2705 11555
330 2638 499 2703 1551151551
527 2641 632 2722 magis
661 2638 804 2703 odiosam
827 2649 915 2704 aetas
936 2638 1086 2704 reddidit.
1134 2641 1240 2720 patria
1262 2641 1436 2723 exemplum
1447 2644 1609 2708 5115515511
1627 2647 1877 2726 proponensque
1899 2646 1981 2724 elion,
2004 2652 2039 2711 at
2059 2650 2107 2712 ai-

117 2724 189 2789 Iam
209 2746 286 2789 5555
314 2746 413 2806 55515
436 2725 475 2788 15
498 2725 606 2788 5155111
628 2725 763 2789 55551115
786 2737 901 2809 rogata
918 2725 1009 2801 foret,
1032 2746 1087 2790 55·
1139 2725 1237 2803 15155,
1260 2725 1299 2790 ab
1321 2728 1475 2811 5555555115
1503 2729 1660 2809 defecerat.

118 2809 228 2876 eillare
251 2818 308 2874 aut
325 2810 439 2876 saltem
464 2831 579 2892 parum
603 2811 666 2875 sibi
687 2820 835 2875 constare
858 2811 1006 2875 5155551
1037 2811 1087 2875 Tu

118 2918 194 2960 vel-0
234 2917 293 2977 ppo
326 2907 383 2959 tua
415 2895 591 2978 prudentia
618 2896 743 2961 iudissag
782 2916 878 2978 quam
912 2895 1087 2961 absurdum
1141 2897 1197 2961 (Ex
1215 2897 1342 2951 thesauro
1360 2899 1467 2952 Beuauo
1485 2899 1525 2953 511
1545 2901 1645 2954 Genev.
1665 2918 1690 2968 p.
1707 2898 1765 2962 178,
1784 2900 1860 2953 Laut⁴
1880 2918 1905 2970 p.
1924 2900 1983 2965 369,
2001 2902 2107 2957 Hanov.

118 2982 216 3046 luerit
250 3003 350 3046 uxore
373 2981 485 3064 procul
515 2982 664 3064 ablegata
689 3003 821 3047 manere
842 2984 877 3046 in
898 2981 964 3045 illis
982 2981 1086 3047 sordi·
1140 2983 1166 3033 Ρ·
1184 2964 1480 3036 4131010111241·
1499 2970 1587 3023 ffli-
1605 2987 1631 3038 1)·
1649 2968 1707 3021 110.
1728 2998 1760 3006 “
1780 2969 1880 3023 ⁶⁸¹5oe
1898 2970 1998 3038 legitur
2015 2973 2044 3024 ³¹¹
2064 2973 2106 3026 ed

1511 3038 1603 3091 Berol.
1620 3054 1646 3105 p.
1664 3036 1739 3102 238.)

117 3068 189 3145 bus,
209 3088 270 3132 nec
281 3066 385 3132 ullum
402 3068 502 3131 animi
525 3069 573 3132 sui
593 3068 814 3132 testimonium
826 3066 971 3132 reddere.
1005 3069 1087 3132 an-

117 3168 224 3217 tcrum
247 3158 320 3216 eam
343 3153 478 3218 comiter
499 3152 651 3218 hortatus
675 3175 749 3217 sum
770 3163 808 3218 51
829 3153 996 3218 sinistram
1019 3153 1088 3235 epi·

117 3240 259 3314 5155551,
288 3259 386 3320 55551
404 3259 463 3303 555
481 3239 576 3321 55155
597 3247 814 3317 contraxerat,
833 3240 932 3304 misso
954 3239 995 3303 ad
1017 3260 1086 3302 ma·

117 3325 218 3388 ritum
241 3325 373 3406 proprio
395 3324 516 3388 555515
534 3345 674 3408 purgare
696 3324 852 3390 studeret.
891 3322 1087 3389 Remedium

117 3409 179 3474 1155
197 3410 329 3492 55511111,
347 3411 423 3492 5515
444 3409 499 3474 ille
519 3409 606 3474 idem
624 3411 763 3475 nuncius
782 3410 953 3475 fideiussor
969 3410 1032 3474 fuit
1052 3410 1086 3474 15

116 3496 280 3577 baptismo
307 3495 450 3559 15155115.
496 3495 565 3560 Ν55
592 3516 669 3560 5555
694 3495 824 3580 longius
845 3517 1017 3579 progressa
1038 3504 1088 3560 est

116 3581 277 3645 severitas
296 3602 394 3663 quam
416 3582 456 3645 ad
474 3581 569 3646 istam
589 3580 882 3657 denunciationem,
906 3602 969 3645 555
993 3602 1086 3663 posse

115 3667 276 3730 infantem
294 3667 355 3731 sub
376 3665 515 3750 legitimi
538 3677 651 3748 555155
674 3669 804 3732 5515155
827 3667 956 3732 admitti
985 3666 1088 3733 donec

116 3753 156 3817 de
191 3761 282 3834 patre
315 3753 434 3817 certius
466 3752 588 3834 aliquid
621 3752 765 3817 oblatum
799 3755 890 3817 leret.
941 3751 1087 3835 Denique

116 3849 190 3920 post
216 3839 327 3902 nuncii
355 3837 496 3902 reditum
525 3836 654 3920 placata
681 3838 744 3901 fuit
776 3839 921 3916 offensio,
955 3848 1086 3902 etanta

115 3923 271 4006 privatim
291 3930 418 3987 tautum
435 3925 543 3988 luerat
560 3923 736 3989 admonita.
776 3926 866 4007 Ergo
889 3923 928 3988 de
951 3923 1012 3988 1155
1030 3946 1086 3988 55-

114 4009 214 4092 gotio,
248 4009 312 4073 nisi
340 4008 417 4091 quid
446 4010 583 4074 555151
610 4010 825 4091 inexspectati
846 4010 1023 4092 contingat,
1046 4031 1087 4073 ne

114 4098 160 4160 sis
181 4093 349 4160 sollicitus.
383 4094 469 4159 Nam
492 4106 578 4159 certe
602 4107 659 4159 155
680 4097 828 4159 anxietas
848 4095 940 4160 uobis
952 4095 1088 4179 perinde

114 4179 253 4245 51515515
273 4181 336 4244 1511
358 4200 395 4245 55
418 4181 445 4245 51
473 4192 530 4245 155
548 4181 618 4245 1555
639 4181 761 4265 singuli
778 4203 932 4246 essemus.

201 4266 249 4330 ue
276 4266 349 4330 istie
382 4276 513 4330 5155555
549 4264 696 4331 laborare
725 4278 757 4330 et
787 4269 928 4332 fructum
958 4275 1087 4332 exstare

114 4354 164 4416 tui
186 4351 308 4416 laboris
327 4353 382 4434 qui
404 4361 437 4416 15
460 4352 501 4415 51
514 4352 789 4433 55555555551551
809 4353 964 4430 511155151,
987 4373 1085 4435 55515
1172 4406 1178 4418 .

114 4435 295 4501 iucundum
325 4435 419 4501 nobis
440 4437 492 4514 511,
521 4438 628 4502 verbis
647 4440 830 4521 exprimere
853 4438 935 4502 nihil
959 4439 1084 4502 attinet

113 4522 255 4602 Scimus,
286 4533 319 4586 51
342 4522 520 4588 multorum
550 4522 657 4588 relatu
679 4524 806 4607 pridem
829 4524 952 4589 fuimus
973 4523 1085 4588 admo·

114 4610 185 4687 5111,
216 4628 283 4673 555
316 4629 419 4691 55555
447 4608 555 4673 155115
588 4609 646 4674 tibi
680 4609 866 4674 devoranda
895 4630 973 4675 esse.
1019 4607 1086 4674 Sed

112 4715 178 4776 qua
204 4693 390 4759 conditione
418 4695 502 4759 istuc
531 4696 694 4777 profectus
727 4697 771 4761 sis
801 4718 865 4760 non
887 4696 1030 4779 ignoras,
1052 4705 1086 4758 et

112 4800 298 4862 quanquam
331 4792 505 4862 conspeetu
525 4781 772 4863 frequentiaque
795 4781 963 4845 homiuum
983 4781 1085 4844 iuter·

113 4865 170 4930 diu
200 4867 351 4950 privaris,
384 4866 441 4930 tibi
476 4865 515 4928 ad
539 4866 691 4932 solatium
710 4867 858 4932 sufficere
881 4867 1084 4943 confidimus,

114 4950 199 5035 quod
222 4952 327 5017 555115
350 4950 492 5016 tenebris
507 4954 636 5035 piorum
656 4962 784 5017 mentes
802 4951 968 5017 doetrinae
990 4951 1085 5016 clari·

114 5046 181 5103 tate
202 5037 358 5102 illustras.
401 5039 508 5120 Perge
537 5039 639 5121 igitur
665 5040 804 5104 infracto
821 5039 940 5113 animo,
964 5038 1085 5120 optime

115 5273 248 5339 54551)
274 5276 323 5329 Vir
340 5278 456 5344 iqeelae.

1225 3206 1300 3272 Etsi
1328 3206 1441 3272 literae
1470 3222 1545 3272 tuae
1572 3207 1692 3291 duplici
1723 3211 1853 3274 nomine
1886 3225 2000 3294 gratae
2026 3214 2107 3278 mihi

1138 3313 1319 3375 suavesque
1351 3293 1493 3370 fuerunt,
1523 3293 1665 3375 555115
1691 3294 1757 3359 illis
1783 3295 1907 3379 ingenii
1930 3297 2108 3364 dexteritas

1138 3389 1172 3443 51
1196 3378 1405 3462 elegantioris
1434 3378 1599 3445 doctrinae
1627 3382 1859 3457 51155-5151551,
1883 3381 2107 3467 1515155551

1138 3474 1215 3529 tuae
1236 3485 1316 3548 erga
1337 3485 1389 3529 me
1401 3465 1629 3530 observantiae
1647 3476 1748 3531 testes
1771 3488 1840 3531 esse
1864 3467 2010 3533 voluisti:
2034 3471 2107 3551 plus

1138 3557 1248 3614 tamen
1281 3548 1346 3614 illis
1379 3549 1466 3633 apud
1498 3572 1550 3615 me
1573 3552 1699 3634 gratiae
1729 3550 1854 3616 addidit
1875 3552 1960 3634 quod
1979 3563 2054 3619 tuae
2072 3556 2107 3620 in

1138 3636 1245 3699 Deum
1275 3636 1405 3718 pietatis
1436 3637 1567 3719 signum
1600 3655 1638 3701 ac
1670 3639 1788 3721 pignus
1813 3660 1884 3703 esse
1902 3640 2106 3721 interpretor.

1139 3721 1211 3802 Etsi
1243 3721 1332 3784 enim
1354 3722 1410 3804 qui
1432 3721 1618 3786 liberalibus
1641 3721 1796 3787 doctrinis
1814 3733 1892 3789 sunt
1913 3726 2033 3789 exculti
2055 3748 2108 3792 me

1138 3807 1221 3871 15515
1251 3816 1370 3883 515551,
1403 3809 1479 3889 5515
1512 3807 1552 3871 ab
1581 3806 1647 3872 illis
1674 3811 1864 3873 existimant
1886 3831 1953 3874 non
1976 3832 2107 3892 prorsus

1139 3892 1283 3956 alienum
1316 3913 1403 3957 esse:
1438 3893 1503 3957 scio
1537 3902 1648 3957 tamen
1679 3916 1717 3958 ea
1749 3916 1800 3958 me
1823 3894 1946 3960 invidia
1967 3898 2106 3979 flagrare

1138 3977 1224 4059 apud
1246 3985 1350 4042 totum
1373 3978 1629 4056 faramundum,
1652 4000 1735 4062 quae
1757 3980 1877 4044 multos
1898 4001 1918 4043 a
1939 4001 2012 4044 mea
2029 3984 2107 4046 ami-

1138 4064 1214 4127 citia
1233 4063 1420 4128 absterreat.
1449 4064 1563 4145 Itaque
1586 4066 1803 4129 reverentiam
1821 4086 1918 4147 quam
1941 4068 2106 4132 communi

1139 4149 1295 4232 magistre
1318 4149 1882 4227 151555555555155555551511115,
1907 4172 1989 4233 quae
2012 4162 2105 4217 tuum

1138 4234 1220 4299 mihi
1248 4235 1394 4299 animum
1422 4235 1692 4318 55551115115555
1716 4235 1979 4302 adscribendum
1998 4238 2105 4320 impu·

1137 4319 1183 4382 lit.
1225 4321 1298 4386 Hoc
1320 4322 1724 4403 555551515115555155111
1746 4322 1857 4387 sedulo
1879 4323 1987 4387 lovere
2009 4336 2106 4406 atque

1137 4415 1235 4470 511551
1258 4407 1402 4471 excolere
1424 4407 1555 4470 studeas
1577 4407 1756 4472 515551155
1778 4429 1951 4491 progressu
1974 4408 2012 4472 ad
2036 4410 2105 4474 155-

1137 4512 1211 4574 gem
1234 4513 1337 4574 usque
1365 4491 1551 4573 perducere,
1570 4492 1718 4574 pluribus
1741 4493 1780 4558 de
1802 4494 2050 4559 55551511551551
2073 4510 2105 4560 te

1136 4596 1242 4660 cogor.
1289 4576 1386 4641 Video
1414 4586 1554 4642 aetatem
1589 4588 1692 4643 tuam:
1728 4578 1822 4642 video
1865 4581 2102 4662 corruptionem

1137 4665 1235 4727 totius
1271 4665 1372 4728 555151
1413 4663 1548 4729 saeculi:
1584 4663 1679 4728 video
1714 4665 1798 4746 quod
1829 4679 1860 4727 te
1894 4667 2105 4731 circumstent

1137 4747 1251 4812 mundi
1280 4748 1459 4824 illecebrae,
1490 4770 1572 4831 quae
1596 4750 1882 4815 15111515555151
1906 4753 2103 4817 151555555-

1137 4833 1216 4898 dum
1227 4834 1332 4899 hami:
1354 4834 1446 4900 51155
1457 4833 1595 4916 1551555
1606 4837 1795 4900 innumeras
1806 4837 1948 4901 Satanae
1959 4838 2105 4917 iusidias,

1136 4919 1254 5002 quibus
1287 4919 1441 4986 cavendis
1474 4942 1570 4984 nemo
1598 4942 1742 5003 unquam
1765 4923 1843 4986 55115
1861 4925 1924 4985 5511
1947 4925 2102 4989 15155155.

1137 5004 1299 5071 Dominus
1330 5017 1361 5070 te
1391 5009 1455 5070 iam
1485 5007 1568 5070 15515
1590 5007 1672 5070 515111
1703 5008 1821 5088 5515115
1850 5011 1990 5072 ornavit.
2036 5009 2103 5074 Sed

1137 5112 1239 5173 quum
1272 5092 1397 5157 lubrica
1426 5113 1553 5174 semper
1577 5104 1611 5155 51
1631 5092 1785 5157 flexibilis
1807 5094 1850 5158 sit
1866 5095 2029 5168 iuventus,
2053 5117 2103 5159 re·

1138 5177 1333 5251 5151151515,
1358 5178 1441 5259 5551
1455 5178 1606 5242 omuibus
1624 5179 1688 5243 tuis
1711 5180 1900 5261 aequalibus
1922 5183 2103 5263 praescrip-

1138 5263 1180 5327 sit
1201 5261 1309 5326 David
1333 5263 1434 5337 (Psal.
1459 5268 1525 5327 109.
1549 5285 1632 5328 vers.
1652 5269 1696 5341 9),
1718 5285 1799 5347 5555
1821 5265 1882 5328 tibi
1900 5286 1970 5329 esse
1988 5266 2102 5349 cogita,
