4754 5880
949 293 1029 355 1556
1051 288 1284 356 FEBRUAR.
2076 292 2121 354 34

549 477 649 548 2880.

311 633 560 701 FARELLUS
582 633 900 700 BULLINGERO.

200 807 307 872 Enim
328 827 399 872 eum
419 806 562 872 tamnu
583 812 619 870 ut
644 826 705 871 sua
726 805 831 887 officia
852 806 1027 887 interponat
1048 805 1091 870 cd

113 894 342 960 conciliandam
359 895 440 958 inter
451 892 627 958 Beruenses
641 897 668 957 d
682 892 872 957 ammones
888 891 1089 958 concordiam.

115 1066 294 1134 (Excerptum
313 1081 347 1118 ex
370 1065 540 1186 autographo
557 1063 667 1116 Archiv.
687 1062 777 1115 Turic.
796 1063 868 1118 Plut.
887 1063 931 1115 VI.
948 1061 1012 1133 Vol.
1032 1057 1091 1126 llo,

114 1136 180 1188 olim
198 1134 283 1188 Seria.
300 1135 331 1186 B.
350 1134 420 1202 Epp.
460 1150 513 1187 om.
529 1131 602 1186 Vlll.
619 1132 664 1184 iol.
683 1129 760 1185 2958.
781 1162 811 1170 -
830 1132 936 1185 Simler.
955 1129 1018 1184 Vol.
1035 1128 1091 1194 86.)

202 1305 395 1372 Clarissimo
418 1304 544 1370 Christi
574 1325 669 1369 servo
691 1302 874 1368 Heinrieho
898 1302 1091 1385 Bullingero

115 1393 239 1476 pastori
268 1391 422 1457 eeclesiae
444 1391 623 1474 Tigurinae
657 1390 778 1474 insigni
812 1388 965 1472 theologo
998 1388 1092 1453 fratri

117 1488 151 1545 et
172 1486 374 1563 symmystae
397 1497 496 1559 quam
518 1477 695 1542 carissimo.
881 1561 996 1644 Tiguri

116 1820 235 1886 Habeo
266 1817 325 1883 tibi
354 1819 493 1902 gratiam
523 1817 660 1882 multam
686 1818 771 1900 qnod
801 1818 946 1882 studiose
967 1816 1093 1882 labores

119 1927 179 1988 pro
209 1904 398 1969 Genevensi
427 1905 577 1981 eeclesia,
610 1904 869 1987 praeclarissimo
902 1916 1094 1967 ornamento

121 1991 302 2057 Beruensis
325 1991 488 2056 ecelesiae.
523 1992 718 2071 Namquam
741 1989 840 2055 habet
861 1989 1094 2073 elegantiorem

120 2098 274 2142 coronam
292 2098 392 2159 quam
413 2074 500 2158 quod
522 2098 580 2157 per
601 2076 705 2158 ipsam
728 2085 820 2140 tanta
842 2085 874 2139 et
897 2075 971 2140 talis
993 2074 1094 2140 eecle-

120 2165 170 2229 sia
197 2163 306 2245 coepit
334 2173 368 2226 et
396 2161 508 2226 stetit?
523 2160 547 2244 ¹)
591 2162 714 2244 Magna
743 2171 794 2226 est
815 2159 880 2224 Dei
910 2161 1095 2244 benignitas

120 2248 217 2332 quod,
241 2269 341 2331 quum
364 2248 407 2311 sit
428 2248 723 2313 suffieientissimns
744 2269 780 2313 se
802 2247 880 2324 solo,
901 2247 956 2310 -ita
977 2267 1094 2311 ornare

120 2334 204 2400 velit
226 2347 294 2399 tam
314 2334 451 2398 miseras
473 2343 653 2409 creaturas,
683 2332 770 2416 quod
799 2334 833 2397 in
861 2329 902 2397 iis
924 2353 1007 2414 quae
1029 2347 1095 2396 ter-

120 2442 204 2498 ram,
227 2421 294 2484 imo
314 2419 450 2495 coelum,
474 2430 632 2502 superent
653 2440 752 2502 opera
771 2427 997 2485 ereaturarum
1009 2427 1095 2482 'sua-

121 2528 196 2571 rum
210 2507 257 2570 uti
273 2527 339 2569 non
352 2504 558 2588 dedignatur,
581 2505 733 2587 iubetque
755 2526 810 2569 eas
832 2505 866 2567 in
888 2503 949 2568 hoc
972 2504 1096 2568 servire

121 2603 155 2658 et
178 2593 325 2675 ingentia
355 2591 516 2673 promittit
544 2600 578 2654 et
604 2590 661 2654 dat
688 2590 889 2656 facientibus.
935 2589 1096 2654 Gratulor

121 2679 177 2744 isti
207 2690 274 2740 tem
303 2685 416 2741 saneto
446 2676 574 2740 senatui
589 2680 615 2753 ²)
637 2688 704 2740 tam
726 2678 825 2757 pium,
855 2686 922 2738 tam
944 2675 1094 2740 christia·

121 2786 203 2828 num
226 2761 380 2837 studium,
403 2760 488 2843 quod
509 2784 574 2826 non
592 2762 697 2826 solum
717 2761 803 2844 apud
821 2781 897 2825 suos
920 2769 954 2824 et
975 2762 1010 2824 in
1028 2764 1095 2826 suis

121 2851 252 2913 studeat
268 2848 388 2912 Christi
411 2847 542 2931 gloriae,
563 2870 676 2912 verum
699 2850 796 2912 suam
814 2846 927 2930 proeul
949 2857 1094 2929 agentes.

120 2936 250 3001 Perfice
273 2954 407 3016 quaese,
431 2954 451 2997 o
476 2933 526 2997 vir
548 2933 624 3006 Dei,
660 2933 745 3015 quod
774 2934 922 3015 coepisti,
956 2946 994 2995 ut
1021 2954 1096 2997 enm

122 3018 241 3105 gaudio
271 3020 441 3085 nobiseum
468 3020 592 3101 gratias
614 3020 755 3083 Domino
785 3040 863 3100 ages
890 3038 989 3100 super
1018 3037 1096 3098 pace

122 3117 156 3170 et
194 3105 418 3170 benedictione
459 3118 624 3168 tantarum
656 3104 875 3169 eeclesiarum.
925 3103 964 3168 Si
994 3102 1096 3167 Iudae

120 3213 322 3257 successores
340 3200 374 3254 et
391 3189 562 3274 (quidquid
581 3193 720 3274 fingant)
740 3191 809 3253 veri
829 3190 958 3271 pietatis
976 3190 1095 3265 hostes,

121 3279 178 3360 qui
207 3280 326 3341 iratres
349 3277 464 3341 volunt
486 3275 615 3353 haberi,
650 3275 840 3350 audiantur,
875 3274 937 3339 sibi
963 3291 996 3339 et
1025 3274 1097 3339 aliis

121 3364 301 3446 perniciem
320 3363 462 3427 subitam
481 3362 652 3426 inveheut:
675 3382 752 3426 nam
765 3361 854 3426 dictu
866 3362 986 3424 mirum
998 3382 1097 3443 quam

120 3472 193 3515 sese
232 3450 412 3532 benignum
446 3462 480 3512 et
518 3449 682 3512 laventem
714 3447 904 3512 Genevensi
942 3445 1097 3511 ecclesiae

122 3534 289 3600 Dominus
322 3533 527 3610 manifestat,
567 3533 603 3597 in
636 3531 733 3596 horas
766 3554 894 3614 semper
927 3532 1032 3615 magis
1064 3542 1098 3595 et

120 3621 228 3703 magis
251 3621 401 3702 aperiens
423 3630 456 3682 et
474 3618 636 3701 dissipans
654 3617 798 3683 Satanae
820 3618 956 3683 tonsilia
978 3628 1010 3681 et
1027 3637 1097 3681 mo-

120 3707 236 3771 limina
258 3716 291 3770 et
314 3725 457 3769 suorum.
501 3702 612 3785 Quum
636 3705 670 3768 in
693 3703 829 3787 gloriam
853 3702 977 3768 Christi
999 3702 1098 3768 faeiat

121 3792 275 3858 eeclesias
293 3802 448 3871 utrasque
466 3790 656 3855 ooniunotas
674 3811 753 3865 esse,
777 3791 882 3871 sitque
905 3810 970 3853 non
992 3789 1098 3853 solum

122 3878 240 3943 honori
263 3878 391 3957 utrique
414 3875 497 3952 urbi,
527 3875 593 3940 imo
615 3897 633 3939 e
656 3897 691 3940 re
714 3875 899 3956 utriusque,
926 3888 964 3937 ut
985 3885 1097 3939 saneto

120 3965 254 4030 vinctae
277 3962 343 4026 sint
366 3970 399 4027 et
420 3964 515 4026 firmo
537 3960 681 4040 loedere,
709 3972 747 4024 ut
770 3959 822 4025 vel
844 3961 939 4042 pueri
962 3972 1098 4042 possunt

1140 476 1361 565 evangelium,
1384 497 1482 560 qnam
1503 475 1538 542 id
1560 487 1656 561 turpe
1679 476 1874 556 ducendum,
1897 477 2025 542 hostem
2046 477 2118 562 pie·

1140 564 1217 628 tatis
1247 565 1390 646 potuisse
1420 564 1524 628 civem
1553 562 1670 628 ducere
1693 574 1726 628 et
1753 564 1887 629 fratrem
1915 564 2035 629 factum
2059 585 2117 628 ex-

1141 647 1273 714 cludere
1295 648 1444 725 ciritate,
1473 648 1611 733 impium
1634 647 1674 713 ad
1696 650 1809 714 foedus
1833 650 1973 714 amicum
1996 649 2117 714 admis-

1143 755 1215 800 sum
1238 736 1384 817 atpium
1404 736 1527 800 fectum
1550 734 1728 799 dimissum.
1774 735 1819 799 Et
1841 757 1904 799 non
1929 738 2059 798 tantum
2081 736 2117 799 in
2231 803 2236 814 ,

1143 820 1205 884 hoo
1233 829 1286 884 ut'
1302 820 1470 886 incumbas
1501 831 1533 885 te
1561 822 1658 884 etiam
1680 821 1808 885 etiam*
1830 841 1918 902 rogo,
1948 831 1981 884 et
2009 831 2117 886 tecum

1143 905 1214 987 pios
1236 927 1348 970 omnes
1375 906 1430 988 qni
1458 905 1582 988 aliquid
1611 917 1763 988 possunt,
1793 928 1907 970 verum
1938 907 2035 970 etiam
2058 926 2118 989 pro

1143 990 1240 1075 longe
1258 992 1372 1055 maiori
1391 992 1560 1076 magisque
1583 994 1764 1056 necessaria
1781 1012 1860 1074 pace
1882 1001 1914 1056 et
1936 991 2119 1067 eoncordia,

1145 1077 1300 1141 nimirum
1335 1079 1481 1142 omnium
1511 1076 1732 1143 eeclesiarum.
1778 1080 1866 1142 Sane
1894 1099 1991 1161 super
2017 1097 2118 1142 coena

1145 1162 1280 1226 Domini
1298 1162 1476 1228 scribemus
1494 1163 1598 1227 multa
1612 1163 1689 1228 hinc
1708 1163 1797 1228 inde:
1822 1184 1887 1227 non
1905 1164 2002 1228 video
2024 1182 2119 1245 posse

1145 1247 1318 1313 dissidium
1353 1249 1430 1326 tolli,
1465 1249 1528 1314 nisi
1560 1269 1669 1314 coram
1699 1250 1808 1320 verbis
1841 1248 1954 1314 amieis
1987 1259 2114 1332 agatur.

1145 1331 1279 1414 Quanta
1308 1355 1389 1418 opus
1417 1334 1534 1400 fuisset
1561 1336 1740 1419 scriptione
1768 1356 1866 1417 super
1894 1333 2027 1400 dissidio
2055 1335 2119 1399 oir-

1145 1421 1352 1486 cumeisionis
1374 1429 1407 1484 et
1434 1422 1543 1487 oneris
1569 1420 1672 1504 legis?
1707 1420 1745 1485 Si
1768 1421 1893 1486 Paulus
1920 1441 2030 1486 coram
2052 1440 2119 1485 non

1145 1507 1274 1589 egisset,
1298 1527 1469 1589 nunquam
1490 1507 1697 1589 impetrasset
1719 1528 1794 1571 eum
1806 1526 1903 1588 quem
1925 1507 2022 1571 evicit
2043 1526 2120 1571 eon-

1146 1613 1289 1656 sensum.
1322 1592 1457 1657 Habent
1479 1613 1572 1657 suam
1593 1593 1663 1656 vim
1680 1593 1808 1675 saripta,
1832 1591 1949 1656 fateor:
1973 1590 2030 1656 sed
2048 1589 2122 1655 vult

1145 1678 1309 1742 Dominus
1331 1699 1439 1742 coram
1462 1679 1570 1744 verbis
1593 1679 1654 1761 agi,
1677 1677 1734 1742 ubi
1756 1686 1865 1760 potest
1886 1677 1967 1742 fieri.
1999 1676 2064 1741 Hie
2086 1684 2120 1741 te

1146 1772 1279 1842 metare,
1302 1784 1360 1846 per
1379 1763 1547 1829 Christum
1571 1773 1603 1828 te
1625 1784 1712 1847 rogo,
1735 1776 1773 1827 ut
1795 1761 1927 1827 tandem
1946 1762 2121 1828 convenire

1148 1847 1244 1913 detur
1277 1869 1358 1931 quos
1391 1850 1487 1915 nosti.
1544 1850 1714 1932 Prineipes
1750 1847 1945 1913 sollicitandi
1977 1859 2056 1912 sunt
2088 1856 2122 1912 et

1147 1935 1258 1998 omnia
1290 1956 1349 2018 per
1376 1943 1410 1999 te
1439 1945 1472 2000 et
1504 1934 1584 2000 alios
1615 1934 1742 2018 agenda
1774 1956 1858 2016 qnae
1889 1932 1954 1998 huc
1986 1934 2120 1999 faciunt

1146 2019 1301 2085 Christus
1323 2042 1382 2103 per
1403 2030 1436 2085 te
1460 2021 1579 2085 efficiat
1601 2020 1662 2085 hoe
1684 2033 1751 2085 tam
1775 2020 2004 2085 necessarium.
2049 2019 2122 2084 Dif-

1148 2105 1232 2171 ficile
1251 2128 1329 2172 sane
1352 2106 1491 2183 videtur,
1516 2108 1580 2170 imo
1600 2107 1835 2171 difficillimum.
1871 2104 1937 2170 Sed
1958 2103 2036 2188 quid
2054 2126 2121 2169 non

1148 2190 1254 2256 reddit
1276 2193 1462 2275 expeditum
1485 2194 1512 2257 is
1531 2193 1584 2257 cni
1602 2192 1686 2256 nihil
1708 2204 1759 2257 est
1780 2191 2000 2273 impossibile?
2020 2229 2060 2238 -
2081 2227 2118 2238 -

1148 2312 1190 2322 —
1208 2314 1248 2327 -
1269 2316 1309 2325 —
1329 2317 1369 2326 -
1387 2278 1542 2343 Neocomi
1568 2279 1620 2342 16.
1637 2279 1734 2343 Febr.
1762 2284 1851 2342 1556.

1564 2415 1656 2479 Tuus
1677 2436 1719 2479 ex
1741 2416 1850 2478 animo
1873 2413 2033 2478 Farellus.

1583 2992 1684 3071 2390.

1386 3146 1646 3213 VERMILIUS
1670 3146 1887 3212 CALVINO.

1238 3320 1370 3385 Gratias
1392 3321 1421 3385 ci
1442 3321 1507 3402 opit
1528 3320 1566 3383 de
1587 3318 1686 3383 libello
1708 3325 1812 3383 contro
1832 3317 2043 3400 Westplrolum
2060 3318 2121 3384 sibi

1149 3409 1253 3485 misso,
1283 3428 1342 3487 quo
1371 3405 1500 3471 ditono
1521 3405 1564 3469 od
1590 3405 1750 3468 silerdium
1771 3404 1929 3470 redactum
1951 3406 1995 3469 iri
2016 3410 2122 3486 sperat

1149 3499 1177 3559 et
1208 3494 1381 3559 doctrinam
1421 3490 1700 3557 summarorium
1733 3491 1856 3554 cerdati
1887 3496 1914 3554 et
1951 3491 2014 3555 luci
2046 3512 2123 3556 suae

1150 3580 1305 3645 redditam
1326 3598 1391 3643 esse
1409 3578 1559 3659 affimant.

1151 3750 1298 3818 (lmprossa
1316 3754 1406 3802 exstet
1423 3750 1450 3801 in
1469 3748 1543 3799 Petri
1562 3747 1690 3816 Martyris
1708 3747 1830 3798 Vermilii
1855 3747 1919 3798 locis
1937 3746 2123 3799 communibus

1329 3818 1409 3870 editis
1428 3834 1470 3884 ap.
1489 3816 1703 3869 Froschoverum
1723 3814 1852 3868 1580r01.
1871 3813 1942 3879 ote.)

1237 3989 1330 4067 Sum,
1348 3990 1402 4053 rir
1419 3988 1597 4053 clarissime
1620 3986 1770 4068 idemque
1789 3985 1871 4050 mihi
1883 3985 2007 4049 Christi
2025 4005 2124 4050 sensu

122 4048 251 4126 videre,
282 4069 341 4113 nec
371 4057 421 4112 est
442 4047 576 4130 aliquis,
606 4045 892 4130 quantulocunque
915 4043 1033 4111 iudicio
1056 4046 1099 4109 sit
1152 4087 1185 4141 et
1206 4083 1316 4139 mente
1338 4074 1612 4151 coniunctissime,
1635 4071 1865 4157 tu⁰15b01101)
1889 4092 1985 4153 quem
2008 4069 2049 4135 ad
2070 4090 2123 4134 me

120 4134 306 4217 prwditus‘
337 4134 392 4215 qni
420 4154 492 4232 ⁸⁰¹¹.
515 4133 607 4199 ΜΘ
635 4133 756 4231 iuiioet
782 4144 934 4196 ¹¹⁰⁰th
964 4152 1057 4230 1³⁰⁸&
1075 4152 1099 4230 .⁸
1152 4162 1270 4227 misisti
1295 4160 1473 4243 plurimum
1503 4158 1688 4223 delectatus.
1724 4157 1823 4221 Illum
1853 4177 1918 4221 una
1940 4164 2034 4222 noete
2057 4177 2124 4221 non

122 4220 252 4285 f⁰⁸d⁰r⁹
271 4220 519 4319 19⁰⁰d⁰r⁰q¹¹¹¹¹
539 4231 650 4285 mmm
672 4231 835 4317 ¹¹¹⁰¹¹rr³i³
859 4239 947 4283 ⁰¹¹¹¹⁰
969 4227 1098 4316 P⁰i¹⁸⁸¹'
1152 4248 1286 4330 perlegi,
1307 4245 1364 4310 sed
1387 4245 1501 4312 vorari
1524 4245 1639 4327 potius.
1681 4241 1765 4308 Nam
1794 4241 1992 4319 tabellarius,
2023 4262 2125 4324 quum

122 4327 214 4371 mum
249 4306 306 4369 ΠΜ
338 4303 479 4371 eundem
519 4313 701 4389 ⁸3¹³⁰⁸⁰¹¹¹¹t
734 4303 905 4369 Ghmtum
940 4311 974 4368 et
1012 4302 1100 4366 ¹d⁰m
1152 4335 1246 4398 illum
1278 4331 1358 4395 mihi
1391 4331 1595 4406 reddidisset,
1629 4330 1771 4394 erastino
1804 4327 1856 4392 die
1888 4328 1978 4392 abire
2010 4326 2123 4392 voluit.

1153 4420 1204 4485 De
1227 4419 1282 4483 illo
1304 4418 1350 4482 sie
1372 4417 1492 4482 iudico:
1525 4415 1580 4498 qui
1602 4435 1678 4478 eum
1701 4424 1824 4478 attente
1847 4414 1971 4498 legerit,
1995 4412 2068 4490 dno,
2091 4425 2126 4478 et

1151 4506 1211 4570 illa
1227 4503 1359 4588 quidem
1377 4524 1442 4567 non
1461 4501 1620 4584 vulgaria,
1644 4499 1756 4565 eadem
1778 4520 1877 4582 opera
1899 4510 2123 4582 consequetur.

124 4595 216 4650 2³⁸0-
232 4596 259 4659 1)
281 4596 357 4650 Haec
374 4596 512 4649 celeuma
529 4594 604 4650 diota
621 4609 677 4648 οῦκ
694 4594 813 4648 turario
831 4595 914 4649 docel·
945 4594 1014 4647 Nur·
1030 4594 1100 4648 emm
1151 4592 1320 4667 Primum,
1353 4588 1604 4654 eucharisticam
1634 4587 1887 4650 controversiam
1920 4586 2124 4651 notissimam

123 4665 278 4719 Beruenses
295 4666 503 4718 intervenissent
513 4665 600 4718 solius
611 4663 717 4718 Farelli
729 4661 902 4732 praedicatio
913 4663 966 4717 cim
984 4664 1101 4717 inertiae
1152 4687 1186 4742 et
1215 4675 1509 4761 perspeotjflsimam
1532 4671 1680 4740 habebit·
1712 4693 1809 4752 quam
1832 4670 1923 4737 Deus
1946 4679 1996 4750 (ut
2018 4673 2124 4737 bonus

124 4732 548 4868 εξζξξῇῗῇΐηζᾞὲεξῗὼ
568 4732 715 4855 fflffmss
726 4730 1101 4867 aff'sszffiaffo‘ffinffl
1152 4766 1215 4846 est)
1249 4763 1352 4827 voluit
1384 4771 1497 4825 nostra
1529 4767 1634 4822 aetate
1668 4756 1792 4822 Christi
1831 4757 1974 4823 ecelesiis
2009 4778 2124 4822 rursus

123 4870 241 4925 liendam
252 4887 334 4940 quam
349 4870 544 4936 facundissimi
552 4871 752 4925 concionatoris
769 4872 928 4939 eloquentia.
957 4867 1099 4923 Caeterum
1151 4850 1371 4914 manifestare·
1415 4847 1501 4912 Nam
1524 4846 1570 4910 8Ῐο
1593 4853 1663 4908 elai
1684 4843 1855 4908 Obssssul'ata
1877 4856 1910 4909 ei
1932 4842 2011 4908 Βᾶθθ
2032 4852 2124 4908 tene·

123 4939 307 4995 Bermrrrinn
321 4941 470 5008 plurimum
486 4942 617 4995 intererat
634 4943 665 4992 ut
682 4939 748 4993 lucc
763 4940 940 5006 praevaleret.
1151 4935 1218 5000 bris
1245 4934 1409 5011 involuta,
1438 4943 1475 4998 ut
1503 4930 1653 4995 veritatis
1682 4929 1753 4993 eius
1783 4931 1838 4994 vix
1867 4938 1965 4994 tenue
1994 4927 2125 5012 aliquod

149 5079 153 5089 .
189 5081 194 5091 .
226 5008 257 5071 2)
282 5009 476 5074 latiomorum,
495 5009 694 5090 Bss³i²i⁶⁷¹⁸mm
716 5014 740 5061 θ’
761 5006 1099 5087 *ςΰΜθῚΨδΜΜΜΨΝᾼ
1152 5022 1326 5104 vestigium
1357 5028 1516 5094 exstaret,
1547 5015 1631 5099 quod
1659 5035 1780 5079 sanea
1808 5016 1920 5098 paucis
1949 5015 2124 5080 admodum

124 5077 272 5133 drasconem
294 5077 463 5133 Genecences
487 5083 680 5147 requisierunt,
706 5092 819 5146 qnorum
847 5081 926 5129 etiam
958 5075 1040 5212 kim
1064 5093 1097 5128 m.

126 5145 281 5203 Februario
310 5147 432 5201 Bormam
457 5152 596 5212 uenerunt,
622 5146 670 5200 ced
695 5146 767 5199 nihil
792 5147 941 5213 effecerunt.
990 5142 1098 5199 Ructat
1686 5206 1690 5216 ¹
1961 5201 1965 5213 ,

123 5214 168 5272 v1.
185 5214 261 5284 183.)
1151 5209 1287 5275 2390.1)
1307 5207 1435 5263 Secunda
1452 5207 1614 5273 defensione.
1656 5203 1723 5258 Vide
1741 5202 1864 5269 Pnoleqq.
1889 5199 1965 5254 Tomi
1982 5199 2038 5254 IX.

228 5300 340 5356 Caluini
352 5318 443 5371 opera.
484 5301 540 5356 Vol.
560 5300 591 5353 X
595 5300 646 5354 Vl.
1903 5285 1920 5339 3
