4778 5888
291 325 349 386 ιιι
1037 317 1299 385 EPIS'POLAE
1322 293 1532 385 sersssuiis
2221 317 2278 379 ιιι

291 508 346 574 (ux
369 517 433 564 auto
483 508 537 579 uh⁰
560 507 623 562 00⁶·
642 508 742 563 Gener.
761 506 820 574 115,
843 506 966 589 101115,
990 508 1050 588 coll.
1078 503 1258 567 c.ccd.116,
1311 507 1418 585 arctis,
1449 527 1556 589 quum·
1578 507 1682 589 egerit
1705 506 1774 571 dies
1803 505 1926 589 aliquot
1946 508 1980 569 in
2000 494 2279 586 Montebelgardo,

373 579 420 632 fol.
475 578 570 646 ‚Epo
589 578 670 631 Bere.
689 575 897 646 v1.p.5‘19et
916 576 1024 630 3111111111
1042 575 1105 629 101·
1122 572 1177 639 811
1310 590 1441 656 tandem
1463 602 1593 675 praeter
1620 593 1806 675 opinionem
1831 601 1865 655 et
1886 590 2091 655 voluntatem
2114 588 2279 671 principis,

375 747 404 812 P
551 749 557 762 ,
597 748 603 761 ,
763 748 769 761 ,
806 748 813 761 ,
994 719 995 722 ¹
1075 747 1082 761 ,
1208 745 1214 759 ,
1310 679 1365 744 oui
1387 688 1439 754 (ut
1460 678 1597 778 dicunt).
1610 690 1777 777 receperat
1798 698 1833 743 se
1856 677 2026 742 biennium
2046 696 2180 773 operam
2197 675 2280 739 loea-

405 754 659 813 m⁰⁸t⁰¹¹t¹⁸⁸¹m⁰
690 747 815 813 (11111311
844 768 939 813 86110
967 745 1084 812 10311111
1122 746 1260 811 callum
1311 773 1431 842 turum,
1462 761 1560 827 redut
1588 786 1624 828 ιιι
1652 764 1805 841 Galliam,
1830 784 1895 827 non
1925 762 2066 826 multum
2094 759 2280 825 elevaturus

290 833 412 932 11111911
452 833 605 933 0091691111
642 834 847 933 (1111161θῦ53
884 853 983 915 quam
1022 831 1261 930 111110115111110
1310 849 1396 932 quod
1427 849 1578 914 obiicitur
1601 849 1724 933 passim
1752 849 1792 914 de
1823 849 1956 914 levitate
1981 846 2107 930 gallica.
2152 845 2280 910 Mallem

291 917 547 1001 glomacOhristr
569 918 663 983 fratri
685 928 719 984 et
740 928 940 1004 symmystae
963 938 1059 1001 quam
1083 937 1260 983 carissimo.
1310 957 1386 1001 qum
1421 934 1568 1000 ΒΜ),
1597 943 1770 1017 sequutum
1800 956 1898 1017 quam
1931 955 1966 998 ΒΘ
2000 934 2122 1015 ipsum:
2152 929 2211 996 sed
2233 941 2282 997 cst

1009 1020 1174 1087 Genavao.
1311 1019 1397 1103 quod
1415 1029 1568 1085 constans
1585 1021 1771 1103 dicipossit
1791 1042 1892 1102 quum
1915 1031 1984 1083 tam
2004 1026 2192 1084 constanter
2213 1039 2282 1100 per·

1311 1117 1369 1190 gat
1391 1127 1461 1171 esse
1482 1105 1574 1170 levis.
1619 1108 1735 1172 Vicom
1754 1107 1815 1171 viri
1837 1104 1938 1182 doleo,
1960 1105 2013 1169 oui
2034 1104 2176 1187 benigno
2198 1102 2282 1167 adsit

376 1192 412 1258 S.
445 1192 602 1258 Abstineo
629 1192 853 1259 ascribendis
885 1192 926 1256 ad
955 1200 988 1256 tc
1010 1191 1116 1257 literis
1138 1214 1180 1256 ne
1202 1192 1261 1256 tibi
1312 1192 1477 1269 Obristus,
1495 1193 1640 1274 feritque
1661 1191 1850 1274 neposthoc
1872 1191 2049 1255 christiano
2068 1189 2200 1254 homine
2223 1188 2282 1253 ali·

291 1279 457 1343 molestior
479 1281 550 1351 sim,
573 1287 668 1361 teque
690 1298 757 1343 non
776 1299 908 1343 evocem
927 1298 947 1340 a
967 1277 1156 1342 melioribus
1179 1277 1261 1341 mois
1290 1278 1389 1360 'quid
1417 1278 1590 1360 indignum
1617 1288 1702 1361 agat.
1743 1278 1815 1360 Ego
1842 1275 2040 1360 indignitate
2067 1295 2185 1340 causae
2215 1273 2281 1338 Ho-

291 1363 517 1430 dcterioribue:
550 1374 583 1426 et
608 1366 734 1429 interea
762 1364 858 1428 video
884 1383 981 1445 quam
1010 1384 1126 1444 parum
1148 1364 1260 1440 vitem,
1312 1364 1462 1446 braquffl)
1490 1363 1660 1446 proximus
1686 1363 1733 1428 fui
1766 1363 1956 1439 discrimini,
1983 1361 2040 1427 sed
2058 1362 2223 1425 Dominus
2245 1379 2282 1424 oa

288 1452 354 1514 imo
384 1450 521 1514 efficiam
551 1450 658 1530 potius
683 1447 767 1531 quod
794 1449 892 1513 valde
915 1448 1074 1530 displicet.
1118 1448 1261 1514 Provin-
1312 1468 1393 1531 quae
1422 1461 1489 1513 tum
1517 1461 1612 1513 crant
1637 1450 1830 1515 exacerbata
1851 1447 1992 1531 benigne
2014 1446 2185 1524 emollivit,
2208 1445 2282 1511 lieet

289 1535 420 1600 oialium
445 1534 531 1601 istud
561 1534 680 1599 vitium
695 1535 719 1620 ¹)
748 1535 821 1616 quis
842 1535 965 1619 probet,
988 1557 1050 1615 quo
1073 1533 1135 1599 sibi
1154 1543 1260 1598 tauto·
1312 1536 1455 1616 supersit
1472 1534 1595 1617 aliquid
1608 1557 1649 1599 cx
1660 1535 1780 1600 aculeis
1802 1535 1898 1616 paulo
1917 1532 2030 1597 durius
2047 1532 2169 1596 infixis.
2203 1530 2276 1595 Pro

289 1641 365 1704 pere
394 1619 548 1703 placent?
578 1618 716 1701 Semper
742 1620 820 1684 iusti
849 1629 946 1685 sunt:
976 1622 1002 1682 si
1026 1619 1103 1701 quid
1124 1629 1261 1702 peccant
1312 1620 1434 1686 candus
1465 1628 1514 1684 est
1536 1621 1698 1685 Dominus
1725 1631 1763 1684 ut
1784 1619 1936 1684 ecclcsiae
1957 1618 2136 1683 clementer
2156 1618 2282 1681 intuea-

289 1706 362 1772 levc
379 1714 437 1771 eet.
481 1707 606 1771 Parum
635 1707 717 1769 mihi
750 1705 897 1787 placebat
929 1706 982 1769 vir
1003 1706 1069 1783 ille,
1100 1705 1157 1770 scd
1179 1705 1261 1769 mihi
1312 1715 1366 1770 tur
1395 1706 1556 1786 cordaque
1580 1707 1741 1783 immutet,
1767 1717 1801 1770 st
1825 1706 1961 1770 affectus
1988 1724 2101 1769 eorum
2131 1703 2187 1786 qui
2216 1712 2282 1766 tam

289 1793 358 1856 vim
385 1792 448 1856 leci
472 1801 606 1875 proptor
628 1791 831 1867 Hambertffl)
854 1791 954 1855 talem
974 1800 1006 1855 et
1028 1800 1155 1855 tantam
1174 1812 1260 1858 com·
1312 1790 1476 1857 mordicus
1499 1792 1643 1856 retinent
1653 1792 1816 1874 improbos
1838 1790 1978 1873 quosvis,
2002 1810 2060 1872 per
2081 1810 2162 1871 quos
2185 1807 2282 1854 evan·

289 1878 541 1942 mandationem.
586 1877 712 1940 Verum
745 1899 809 1942 non
843 1877 937 1943 omisi
971 1878 1050 1959 quin
1079 1899 1120 1941 ex
1153 1879 1261 1942 animo
1312 1877 1434 1959 gelium
1468 1897 1564 1959 quam
1594 1878 1734 1961 pessime
1756 1876 1855 1953 audit,
1881 1885 1915 1940 et
1937 1896 2034 1957 quom
2057 1874 2211 1939 facillime
2230 1872 2283 1937 vel

290 1965 433 2046 rogarim
462 1961 547 2043 quod
573 1962 725 2044 optabam
752 1984 826 2027 eum
852 1973 1026 2043 praestare.
1070 1963 1205 2028 Utinam
1228 1962 1261 2027 id
1312 1963 1479 2028 levissima
1512 1984 1552 2026 cx
1586 1983 1683 2027 causa
1715 1963 1786 2046 pios
1820 1983 1886 2026 non
1911 1969 2067 2024 verentur
2099 1959 2281 2044 profligare,

289 2048 410 2112 fecerit.
450 2049 575 2112 Eorum
601 2069 686 2112 unus
713 2050 840 2130 aperuit
862 2049 1084 2112 centurionem
1106 2070 1185 2125 esse,
1204 2069 1262 2131 pa·
1312 2050 1377 2113 imo
1400 2047 1680 2113 ansamvidentur
1697 2057 1828 2131 captare
1850 2058 1884 2112 ct
1904 2048 2049 2111 rationes
2068 2046 2195 2122 venari,
2218 2044 2284 2127 qui·

290 2154 366 2198 rum
390 2148 500 2197 tamen
523 2133 719 2217 religiosum,
738 2134 793 2215 qui
815 2135 931 2215 recipit
956 2156 991 2197 se
1013 2135 1209 2198 effecturum¹
1228 2144 1263 2198 ut
1312 2133 1373 2199 bus
1400 2135 1544 2198 efficiant
1572 2133 1658 2215 quod
1686 2133 1830 2199 ecclesiis
1857 2132 1954 2197 valdo
1983 2139 2086 2197 nocet.
2131 2130 2283 2196 Christus

290 2218 422 2284 libellus
454 2220 593 2302 supplex
619 2219 808 2303 obsignatur
830 2240 931 2283 manu
952 2220 1040 2284 illius
1062 2220 1118 2302 qui
1141 2223 1262 2302 primae
1313 2241 1444 2285 causum
1463 2240 1542 2283 suae
1564 2239 1702 2301 sponsae
1722 2217 1879 2301 suscipiat
1901 2227 1934 2282 et
1955 2225 2021 2281 tam
2042 2215 2194 2298 improba
2214 2235 2285 2300 pro-

291 2313 391 2382 tenct,
419 2306 454 2368 in
480 2324 543 2386 quo
567 2314 681 2386 petant
699 2304 854 2387 quidquid
877 2305 993 2370 volunt
1013 2326 1073 2387 pro
1097 2305 1261 2389 religione.
1313 2306 1366 2371 eul
1400 2304 1509 2387 pellat,
1540 2305 1658 2387 detque
1691 2314 1728 2368 ut
1756 2306 1867 2368 omnia
1899 2324 1979 2386 pure
2001 2303 2088 2367 iuste
2110 2309 2284 2383 sancteque

292 2387 360 2454 Sed
389 2391 492 2473 gratis
521 2389 582 2455 hoc
611 2410 678 2454 non
707 2391 835 2455 curabit
857 2412 973 2456 verum
995 2391 1084 2455 mille
1106 2396 1152 2476 V
1170 2393 1261 2474 petit.
1313 2393 1404 2456 fiant.
1451 2391 1536 2455 Vale
1564 2392 1655 2456 bene.
1696 2393 1800 2455 Tuam
1831 2388 2008 2454 studiosius
2030 2396 2144 2453 curato
2162 2387 2284 2452 valetu-

291 2474 332 2539 Id
354 2497 421 2540 non
443 2476 549 2559 placet
577 2476 706 2558 pastori.
752 2476 851 2540 Plebs
872 2477 1030 2558 instigata
1049 2498 1108 2559 per
1130 2499 1184 2541 ecs
1207 2478 1261 2560 qui
1316 2477 1425 2541 dinem
1447 2488 1484 2540 ut
1507 2476 1630 2543 diutius
1652 2485 1684 2542 et
1714 2475 1915 2541 commodius
1935 2475 2071 2540 Christo
2088 2482 2123 2538 et
2144 2473 2284 2540 ecclesiis

291 2561 398 2644 magis
419 2560 564 2644 pendent
594 2581 744 2625 arerum
777 2571 897 2626 eventu
924 2582 1022 2644 quam
1049 2584 1068 2627 a
1098 2563 1208 2641 verbo,
1226 2565 1262 2627 in
1315 2564 1448 2628 servias.
1497 2562 1598 2626 Faxit
1631 2562 1663 2627 id
1693 2561 1862 2628 Christus:
1896 2570 1969 2625 tuce
1995 2559 2122 2626 labores
2154 2569 2189 2624 et
2219 2567 2284 2623 tem

291 2646 354 2711 hoo
383 2664 432 2711 est
461 2657 497 2711 ut
522 2667 635 2728 pacem
665 2668 762 2729 quam
786 2657 882 2729 putat
903 2649 965 2713 hao
987 2649 1042 2712 via
1061 2648 1200 2713 redimat
1221 2647 1262 2713 ad
1315 2669 1444 2713 sacrum
1472 2655 1503 2711 ct
1532 2656 1680 2712 sanctum
1711 2647 1930 2712 ministerium
1958 2667 2087 2729 sempor
2119 2645 2227 2729 magis
2255 2650 2284 2708 ct

292 2741 432 2815 tempus.
475 2732 634 2797 Volebam
663 2745 701 2796 ut
728 2733 907 2816 castigsrcs
938 2733 1036 2797 talem
1065 2735 1184 2818 agendi
1213 2755 1264 2798 ra·
1315 2735 1421 2818 magis
1444 2734 1638 2799 fructificare
1658 2734 1765 2800 faciat.
1806 2731 1902 2799 Unde
1923 2730 2031 2797 ordiar
2047 2732 2083 2794 in
2104 2731 2284 2796 resalutan-

292 2817 424 2896 tionem,
447 2838 529 2900 quac
551 2819 631 2882 satis
653 2818 734 2882 mihi
752 2840 818 2883 non
843 2818 972 2885 videtur
989 2819 1164 2902 probanda.
1316 2819 1366 2885 dis
1390 2818 1582 2899 Meritone,
1612 2819 1744 2895 Budeia
1769 2818 1974 2896 Normuodio,
1995 2817 2095 2882 fratre
2117 2817 2172 2880 vel
2193 2815 2284 2882 eollo-

292 2923 334 2986 ·ffi,
379 2903 568 2984 Hebroqous
595 2903 753 2968 hactenus
788 2906 876 2969 viem
909 2904 1089 2981 Emcrdi³)
1130 2919 1263 2972 strenue
1316 2904 1388 2988 gie?
1433 2903 1521 2986 Quid
1552 2905 1770 2970 luncuillsrus
1800 2914 1834 2968 et
1867 2904 2025 2968 Treieoiae
2051 2903 2164 2967 etalii
2180 2900 2285 2966 nullae

293 3010 312 3054 o
338 2990 370 3066 't,
406 3009 472 3052 non
500 2989 571 3053 sine
603 2990 722 3052 fructu.
782 2990 878 3056 Nunc
910 2991 945 3054 in
978 2991 1090 3056 Helius
1098 2995 1126 3069 ⁴)
1156 2992 1263 3057 locum
1316 2999 1394 3057 sunt
1423 2991 1567 3055 habituri
1600 2990 1733 3073 partes?
1777 2990 1870 3054 Alios
1898 2989 2044 3071 insignes
2065 2987 2144 3069 quid
2166 2986 2284 3070 possim

294 3074 376 3138 aiit
397 3084 433 3138 ut
455 3074 569 3139 Helias
590 3075 752 3140 inlocum
773 3077 865 3140 venit
887 3078 964 3142 eius.
1009 3076 1062 3141 Ita
1083 3079 1194 3143 visum
1215 3083 1265 3142 est
1317 3075 1491 3140 omittere?
1510 3075 1789 3142 Praetereundine
1812 3082 1890 3140 sunt
1900 3072 2047 3158 syndici?
2071 3072 2138 3138 Sed
2158 3072 2284 3156 quando

292 3160 333 3224 iis
351 3161 408 3243 qui
428 3161 578 3225 nolentes
600 3158 775 3225 voluerunt
806 3161 910 3226 furori
942 3160 1129 3228 satisfacere
1151 3184 1264 3228 corum
1316 3161 1467 3225 finirem?
1512 3163 1562 3225 'Pu
1580 3183 1655 3226 oum
1676 3163 1776 3225 fratre
1797 3160 1872 3226 iube
1899 3180 2011 3224 omnes
2034 3158 2172 3225 salvere.
2212 3157 2284 3225 ccl·

293 3266 373 3328 quos
392 3247 504 3311 visitet
515 3246 679 3310 Dominus
701 3247 787 3311 iacta
809 3255 847 3310 ut
858 3254 1039 3331 agnoscant
1059 3268 1127 3312 sua.
1161 3250 1264 3313 Frus·
1318 3247 1392 3331 lega
1410 3246 1594 3312 Molaribus
1618 3256 1650 3311 et
1670 3247 1788 3329 reliqui
1809 3254 1842 3310 te
1863 3246 2018 3322 salutant,
2040 3253 2073 3309 et
2094 3246 2212 3309 fratres
2234 3241 2286 3326 qui

294 3339 346 3395 tra
375 3352 435 3414 ogo
464 3351 523 3413 pro
552 3332 840 3396 Franeofurdionsi
869 3333 981 3399 laboro
1004 3333 1155 3399 eeclesia:
1175 3333 1265 3400 solus
1318 3332 1438 3397 nudius
1460 3335 1576 3397 tertius
1598 3340 1830 3410 convenerunt,
1853 3331 1910 3397 scd
1931 3330 2138 3414 potissimum
2161 3331 2285 3394 Tomos-

295 3416 383 3482 enim
422 3438 504 3481 sum.
556 3417 623 3480 Alii
652 3439 779 3482 mecum
803 3438 920 3500 parum
948 3429 1027 3483 sunt
1054 3420 1185 3484 solliciti
1226 3419 1265 3484 de
1316 3420 1416 3496 maus,
1446 3419 1501 3500 qui
1534 3420 1685 3502 ingentes
1715 3418 1775 3483 tibi
1796 3418 1865 3501 agit
1883 3419 2014 3502 gratias.
2058 3416 2215 3482 Neocomi
2240 3418 2283 3478 13.

195 3560 198 3565 .
295 3504 520 3585 praesentibus
537 3502 688 3567 ecclesiis.
722 3504 886 3568 Absentes
908 3517 1161 3587 parumourant,
1184 3505 1265 3570 mihi
1316 3503 1402 3568 Iunii
1429 3509 1519 3568 1556.

298 3608 374 3652 vero
394 3590 501 3671 magis
524 3596 601 3652 sunt
629 3588 884 3654 commendatae.
929 3590 1095 3674 Goloapius
1121 3592 1266 3675 graviori

296 3672 361 3737 fuit
385 3673 559 3755 impeditus
574 3675 701 3738 morbo
714 3676 740 3760 ⁵)
762 3697 826 3756 quo
853 3676 1038 3758 prohibitus
1060 3678 1123 3741 fuit
1145 3678 1265 3742 venire.
1404 3675 1511 3741 Hodie
1539 3676 1686 3740 omnium
1715 3695 1849 3740 assensu
1871 3671 2116 3739 commendatus
2138 3673 2201 3736 fuit
2223 3669 2286 3737 Ho-

296 3758 490 3823 Valetudini
518 3759 627 3823 studet
658 3760 900 3840 instaurandae,
928 3784 1026 3844 quam
1048 3774 1267 3846 consequutus
1318 3761 1470 3841 bequies
1497 3761 1649 3826 Domino.
1689 3760 1793 3825 Nemo
1823 3781 1890 3823 non
1912 3759 2104 3841 subscripsit
2124 3757 2286 3822 vocationi

205 3915 208 3919 ,
294 3845 359 3909 iter
386 3845 529 3926 arripiet.
574 3844 650 3909 Alia
670 3866 736 3909 non
760 3854 841 3929 puto
865 3847 978 3912 haberi
998 3851 1032 3912 in
1055 3850 1136 3912 meis
1153 3849 1266 3913 literis.
1318 3847 1616 3926 Francolurdiensi,
1645 3847 1795 3927 quamvis
1824 3867 1920 3930 aegre
1943 3845 2149 3909 dimitterent
2170 3844 2285 3908 virum.

296 3928 334 3995 Si
356 3931 520 4012 perierint,
542 3938 575 3995 et
597 3951 664 3994 una
680 3930 794 3996 literae
816 3931 857 3996 ad
879 3932 997 3998 fratres
1014 3935 1142 4011 missae,
1164 3935 1266 3999 iactu·
1319 3933 1436 3997 Vocati
1462 3934 1549 3997 enim
1578 3933 1675 3996 huius
1703 3933 1810 4017 gratie
1837 3932 1954 3996 fratres
1975 3932 2116 4009 fuerunt,
2139 3936 2179 3994 ut
2200 3929 2286 3996 vide·

295 4036 367 4080 ram
389 4016 450 4081 feci
471 4015 592 4080 laboris
610 4027 643 4080 et
661 4017 817 4098 temporie
838 4018 872 4080 in
895 4020 960 4085 illis
981 4020 1148 4101 insumpti.
1181 4020 1266 4084 Nam
1319 4028 1393 4082 rent
1425 4040 1468 4082 sn
1496 4019 1568 4081 fieri
1601 4018 1767 4083 commode
1799 4028 1916 4100 posset.
1973 4017 2103 4081 Amovit
2132 4014 2289 4081 Dominus

296 4123 369 4166 meo
391 4122 480 4165 more
502 4101 631 4184 longior
653 4122 752 4179 cram,
774 4102 832 4167 sed
854 4104 993 4185 perdens
1015 4105 1199 4171 breviorem
1221 4108 1267 4170 fo·
1317 4105 1464 4169 omnium
1488 4102 1661 4182 obstacula,
1687 4104 1883 4186 salutatiquc
1912 4111 1968 4167 tuo
1990 4101 2123 4166 nominc
2146 4109 2180 4165 to
2198 4122 2286 4166 rere·

296 4188 349 4252 eit.
407 4186 599 4271 Meliorem)
630 4186 755 4251 solutus
788 4210 807 4252 c
839 4190 988 4269 vinculis,
1022 4189 1079 4255 sed
1101 4213 1167 4256 non
1188 4191 1268 4256 adeo
1319 4198 1431 4255 renter
1460 4189 1649 4253 resalutant.
1701 4189 1837 4253 Gaudeo
1864 4188 2042 4272 plurimum
2064 4209 2166 4269 super
2186 4186 2289 4251 literis

1319 4276 1404 4340 Iusti
1427 4275 1574 4348 105553)
1618 4273 1770 4340 Christus
1793 4272 1950 4339 eiusmodi
1971 4273 2091 4338 multos
2112 4271 2208 4338 nobis
2228 4272 2288 4338 lar·

1319 4362 1427 4445 giatur
1448 4370 1482 4423 et
1504 4360 1643 4425 aliorum
1660 4361 1787 4425 furores
1804 4369 1994 4443 compescat.
2031 4358 2136 4442 Spero
2155 4358 2288 4426 Holbro·

296 4477 427 4613 3478ss
446 4477 677 4600 qqmqffiequge
693 4493 749 4547 quo
768 4477 898 4531 Gaianas
915 4476 956 4531 N.
974 4475 1051 4531 2471.

397 4614 427 4679 3)
447 4622 511 4669 tunc
529 4617 657 4682 temporis
674 4615 801 4669 Lutetiae
818 4615 1016 4669 commorantis.
1316 4618 1405 4684 famae
1426 4616 1499 4687 quod
1521 4619 1620 4670 niumm
1646 4618 1786 4687 quondam
1811 4632 1923 4672 eausam
1948 4615 2053 4671 comitis
2079 4614 2226 4682 defendere
2242 4630 2287 4668 ao·

398 4685 430 4743 4)
449 4683 639 4738 Neocomensis
665 4684 765 4753 aliquis
792 4685 930 4745 minister,
951 4683 1081 4749 fortassis
1104 4682 1150 4736 ille
1172 4683 1266 4738 Lemo·
1317 4687 1405 4741 luerit.
1442 4686 1538 4740 Mense
1555 4685 1636 4740 Maio
1653 4687 1774 4740 ocorsrrit
1790 4687 1848 4740 uris
1870 4702 1942 4739 acor
1962 4684 2105 4739 Dcdooico
2123 4684 2157 4739 de
2175 4684 2287 4748 Beldcs,

296 4754 372 4807 vicus
390 4753 423 4804 ds
439 4768 492 4872 «ἕο
509 4750 548 4805 Ν.
566 4751 626 4804 sot.
1317 4762 1342 4808 et
1360 4757 1465 4808 minoto
1482 4761 1522 4809 est
1539 4770 1566 4809 se
1583 4771 1639 4808 rem
1658 4755 1696 4809 ad
1711 4771 1845 4809 ramnum
1859 4754 2013 4822 spirensem
2031 4754 2190 4807 delatorum.
2223 4752 2288 4806 lim

397 4820 427 4883 5)
502 4818 579 4884 2473,
597 4826 653 4873 cot.
670 4818 695 4874 2.
1317 4825 1343 4877 ei
1359 4825 1469 4878 libertos
1486 4840 1614 4877 concesso
1630 4832 1670 4877 est
1686 4825 1736 4879 sub
1752 4825 1832 4889 finem
1843 4823 1918 4877 Maii
1934 4831 1959 4877 et
1977 4822 2068 4877 Nouis
2084 4823 2178 4877 Iuniis
2188 4821 2287 4877 Dolon

398 4886 428 4953 6)
449 4887 544 4941 Mense
563 4889 712 4943 Novembri
729 4888 797 4942 1555
820 4888 922 4943 Dolum
940 4906 968 4942 ss
984 4888 1136 4943 contulmt
1152 4891 1201 4944 ubi
1216 4892 1265 4945 lee-
1315 4894 1407 4947 rediit.
1441 4892 1583 4956 (Brodeou
1599 4909 1625 4960 ρ.
1643 4892 1702 4958 30.)

297 4958 383 5009 bones
409 4956 528 5010 taeduit
553 4963 578 5009 et
603 4959 719 5012 curalio
745 4958 885 5013 scribebat.
922 4958 994 5013 Inde
1021 4955 1154 5035 Georgius
1180 4974 1266 5013 eomes
1419 4960 1447 5027 7)
1466 4963 1573 5016 Holbru
1594 4964 1656 5015 uiue
1673 4960 1812 5015 inocculto
1830 4960 2014 5027 inLipnibrss
2030 4960 2198 5028 eoaaoelium
2208 4973 2288 5027 prae·

297 5039 356 5077 eum
374 5030 511 5079 euocatum
522 5024 753 5095 Mombelpardioe
766 5036 862 5095 posteo
882 5027 1033 5082 Blamoutis
1049 5029 1079 5079 in
1096 5043 1204 5081 curren
1221 5029 1265 5082 de·
1316 5030 1416 5098 teperet
1442 5036 1467 5083 et
1489 5047 1507 5084 o
1533 5032 1586 5085 cici
1606 5045 1637 5083 us
1660 5030 1920 5084 Londeronensibut
1944 5027 2058 5083 iniuriis
2083 5034 2110 5083 et
2134 5027 2289 5083 verentes

297 5094 387 5173 uouit.
425 5092 542 5172 Occisum
559 5094 617 5161 ipse
636 5095 724 5161 fuisse
745 5096 812 5150 dicit
829 5096 902 5166 quod
918 5114 977 5151 eum
995 5110 1080 5150 comes
1098 5096 1267 5163 proditionis
1316 5101 1453 5166 impetitus
1470 5106 1567 5154 eontra
1585 5105 1696 5153 missam
1714 5099 1919 5152 declamaverot.
1956 5097 2085 5151 Foreiius
2101 5099 2161 5151 esus
2177 5113 2288 5151 casem

297 5161 472 5228 immularet,
490 5163 571 5215 amai
584 5167 745 5230 promittens
762 5166 910 5219 libertatem
928 5168 954 5218 si
968 5181 1017 5232 per
1028 5164 1165 5218 biennium
1176 5164 1263 5219 Mom-
1315 5167 1437 5236 defendit
1453 5173 1478 5222 et
1495 5168 1622 5223 catholici
1638 5173 1782 5236 utumque
1793 5168 1920 5222 insectati
1935 5173 2005 5221 suut.
2023 5165 2154 5231 (Kirebb.
2168 5167 2203 5220 II.
2214 5166 2286 5232 149.)

298 5229 451 5298 balpardioe
476 5238 559 5284 sture·
575 5233 657 5286 vellet.
693 5234 769 5288 Alibi
794 5233 860 5287 dicit
883 5249 912 5287 se
934 5236 965 5289 iu
981 5234 1091 5289 maculo
1116 5240 1263 5292 contectam
1417 5236 1446 5304 8)
1464 5236 1503 5291 N.
1520 5236 1596 5290 2449.
