4688 5902
66 323 129 382 557
431 327 435 335 '
921 323 1000 384 1557
1023 317 1219 387 AUGUS'P.
2005 328 2068 390 558

67 505 200 573 difficile
225 517 304 572 erat.
358 507 456 573 Nunc
484 506 618 574 collecta
645 528 731 573 nova
759 507 887 586 fiducia,
909 506 986 591 quia
1007 518 1041 572 te
1093 507 1178 590 quod
1200 516 1232 572 te
1254 507 1386 591 quidem
1409 518 1561 591 expetere
1582 530 1648 574 nou
1667 508 1794 576 dubito:
1818 519 1946 577 tantum
1969 535 2066 596 cupe-

66 593 131 658 boc
159 613 272 658 mense
300 592 509 658 Wormaciae
535 593 604 658 lore
631 593 804 672 confido,⁸)
833 614 897 676 quo
925 593 1041 658 literae
1093 613 1162 657 rem
1186 594 1364 659 animosius
1384 594 1536 678 flagitari.
1581 595 1666 660 Nam
1688 616 1788 678 quum
1811 596 1922 663 videas
1943 599 2066 682 prinoi-

66 699 161 743 meae
183 686 218 742 et
238 680 342 744 tutius
364 687 399 743 et
420 680 581 744 maturius
599 677 641 744 ad
658 689 690 744 te
716 678 919 762 pervenient,
949 698 1040 744 ocea-
1092 698 1149 761 pes
1171 699 1236 742 non
1258 678 1356 744 modo
1378 699 1514 756 cessare,
1537 679 1593 745 sed
1616 681 1715 745 etiam
1733 680 1797 746 alio
1819 701 1838 745 a
1859 684 1927 748 suis
1956 683 2066 751 docto·

66 765 194 829 sionem
212 763 298 829 hano
320 766 581 847 praetermittere
598 766 707 833 nolui.
726 765 868 830 Tantum
887 784 1039 847 euperem
1091 764 1183 829 ribus
1200 764 1332 844 retrahi,
1355 765 1479 850 colligis
1497 765 1585 830 haud
1605 764 1702 831 dubie
1719 765 1847 833 clausos
1868 790 1939 834 esse
1957 769 2065 837 aditus

66 849 148 914 mihi
170 850 289 915 laetius
311 850 421 915 offerri
443 862 683 934 argumentum.
726 850 773 915 Et
789 859 900 914 tamen
918 851 946 914 ιι
964 869 1040 932 par·
1091 870 1212 927 omnes,
1234 850 1298 915 uisi
1319 850 1392 916 aliis
1414 852 1520 917 instar
1543 851 1663 928 haeni,
1685 851 1757 916 aliis
1779 853 1851 918 vice
1873 855 1997 920 stimuli
2019 857 2064 922 sit

66 947 133 1001 tem
156 935 278 1001 veteris
304 956 384 1019 erga
405 956 458 1001 me
485 936 604 1001 amoris
631 936 763 1015 retines,
792 935 853 1001 hoo
882 934 1040 1018 quidquid
1091 945 1147 1000 tua
1169 936 1338 1001 autoritas.
1372 936 1485 1018 Nuper
1508 935 1628 1011 audivi,
1651 936 1737 1020 quod
1758 939 1893 1004 minime
1914 960 2065 1022 sperave·

66 1036 118 1086 est
134 1021 303 1086 molestiae
324 1021 418 1087 facile
441 1021 581 1099 vorabis,
610 1021 697 1103 quod
727 1041 820 1087 curas
849 1029 883 1085 et
912 1020 1039 1086 dolores
1089 1041 1171 1098 ram,
1182 1019 1311 1087 Ducem
1330 1021 1601 1105 Wirteberpeacem
1618 1030 1732 1105 sponte
1753 1023 1820 1087 iam
1841 1024 1908 1091 huc
1924 1046 2064 1109 propen-

65 1127 156 1172 moos
178 1105 383 1172 familiariter
403 1108 439 1170 in
461 1107 569 1172 sinmn
592 1115 687 1172 tuum
709 1127 859 1172 exonera.
902 1106 1039 1172 Vicinos
1091 1128 1164 1172 sum
1187 1127 1270 1172 esse:
1294 1107 1360 1171 imo
1388 1108 1416 1173 ιι
1439 1128 1478 1172 ea
1505 1108 1622 1173 ιιιιιιιι
1642 1129 1724 1190 quae
1744 1128 1815 1174 esse
1838 1109 1975 1175 debebat
2003 1112 2064 1177 bu·

66 1203 141 1258 tuos
150 1193 178 1272 ⁴)
186 1193 323 1257 tantuin
331 1213 383 1257 me
395 1191 755 1275 intemperiebacohari,
763 1191 950 1257 nondubito
958 1191 1039 1274 quin
1090 1192 1247 1270 manitas,
1270 1192 1379 1258 oblata
1400 1202 1472 1259 erat
1490 1214 1588 1276 quam
1611 1214 1740 1277 semper
1767 1196 1952 1276 optavimus
1973 1217 2064 1263 occa-

65 1299 126 1362 pro
140 1275 300 1345 modestia
313 1287 372 1343 tua
388 1286 423 1342 et
441 1277 646 1342 humanitate
659 1277 757 1343 valde
772 1277 833 1342 tibi
852 1277 1037 1360 displiceat:
1089 1276 1154 1343 sio:
1177 1277 1233 1343 sed
1252 1279 1332 1360 ,quia
1353 1278 1531 1343 multorum
1554 1279 1672 1343 animis
1694 1279 1816 1344 insidet
1835 1301 1937 1364 prava
1958 1284 2063 1366 suspi-

64 1366 132 1429 imo
154 1384 254 1446 quum
276 1385 343 1428 non
365 1363 531 1429 bominem
553 1384 657 1428 unum
674 1363 731 1429 sed
753 1363 824 1447 pios
842 1383 965 1442 omnes,
978 1384 1039 1429 nec
1090 1363 1150 1442 cio,
1172 1364 1278 1447 magis
1300 1362 1457 1429 alienatos
1478 1384 1549 1430 esse
1578 1365 1710 1429 anobis
1732 1365 1870 1432 animoa
1880 1367 2064 1451 principum

64 1451 231 1534 privatam
248 1451 348 1514 unius
367 1448 548 1514 doctrinam
566 1446 623 1514 sed
645 1470 851 1515 communem
868 1448 967 1513 fidem
984 1469 1040 1532 op·
1090 1469 1185 1532 quam
1209 1457 1247 1513 ut
1272 1449 1399 1531 placide
1420 1448 1601 1529 audiamur,
1631 1469 1827 1533 congressus
1856 1472 1969 1517 omnes
1997 1454 2063 1518 for-

64 1546 224 1619 pugnent,
247 1535 308 1601 tibi
330 1554 445 1600 causae
468 1535 604 1600 societas
625 1556 693 1600 non
714 1536 884 1618 vulgarem
912 1554 1037 1599 moero·
1089 1533 1263 1612 midant.⁸)
1302 1533 1441 1599 Addunt
1463 1536 1561 1600 etiam
1578 1536 1670 1613 illud,
1693 1557 1759 1600 non
1781 1538 1845 1601 nisi
1866 1539 2064 1620 praefractos

64 1642 135 1686 rem
157 1622 274 1685 afferre
296 1620 402 1686 debet.
430 1619 758 1704 (laetorumquando
775 1620 876 1685 semel
893 1621 930 1685 in
953 1620 1038 1684 hano
1091 1620 1239 1686 homines
1270 1628 1303 1684 te
1334 1641 1401 1685 nno
1433 1628 1569 1704 excepto
1601 1629 1773 1699 venturos,
1804 1623 1860 1704 qui
1890 1624 2063 1707 imperiose

64 1727 201 1772 arenam
221 1713 386 1788 protracto
408 1705 549 1772 liberum
573 1727 637 1771 non
659 1716 710 1772 est
737 1705 853 1790 pedem
875 1704 952 1770 inde
974 1707 1038 1770 oito
1089 1706 1313 1789 praescribant
1341 1727 1383 1770 ne
1404 1727 1424 1769 a
1445 1706 1513 1771 suis
1541 1706 1669 1790 placitis
1700 1707 1893 1774 discedatur.
1947 1709 2062 1794 Neque

63 1791 249 1870 retrahere,
281 1792 482 1856 truculentas
511 1812 589 1857 vero
619 1791 739 1857 bestias
772 1792 917 1857 humano
945 1810 1038 1855 more
1088 1803 1200 1856 tamen
1221 1812 1333 1857 eorum
1356 1792 1410 1875 qui
1433 1793 1479 1857 sio
1501 1792 1680 1873 loquuntur
1701 1802 1794 1858 tanta
1811 1802 1862 1858 est
1879 1794 2061 1876 morositas,

63 1885 206 1943 tractare
234 1875 410 1943 absurdum
432 1877 557 1953 fuisset,
581 1877 672 1943 dabis
690 1877 916 1943 vehementiae
944 1895 1038 1941 meae
1088 1878 1168 1960 quin
1186 1876 1327 1942 libenter
1350 1879 1482 1942 venturi
1504 1878 1572 1942 sint
1593 1879 1621 1942 si
1643 1886 1814 1943 vocentur:
1835 1878 1895 1945 hoc
1912 1902 2000 1947 nunc
2022 1883 2057 1947 in

63 1964 196 2030 veniam
214 1964 349 2046 quaein
370 1970 463 2027 tanta
480 1962 677 2048 indignitate
698 1983 788 2029 ame
805 1963 949 2029 cohiberi
970 1981 1037 2026 non
1089 1973 1121 2027 te
1142 1983 1224 2028 onus
1246 1961 1435 2029 recumbere
1452 1962 1613 2040 existima,
1626 1971 1664 2028 ut
1684 1971 1742 2027 tua
1758 1964 1905 2030 oratioue
1915 1968 2061 2049 persuasi

62 2049 177 2132 potuit
194 2052 220 2126 ὅ)
270 2047 308 2114 Si
337 2048 414 2132 quid
436 2056 468 2112 te
490 2048 643 2131 privatim
672 2047 825 2126 offendet,
847 2069 914 2114 non
938 2047 1038 2131 longa
1087 2047 1252 2130 principes
1274 2055 1402 2114 nostros
1424 2048 1467 2113 ad
1484 2048 1677 2132 colloquium
1695 2048 1851 2114 invitent:
1868 2050 2062 2136 velhrgen·

63 2133 271 2200 excusatione
292 2154 374 2216 opus
394 2135 463 2199 lore
484 2133 631 2204 arbitror.
661 2133 749 2215 Quia
765 2134 902 2200 subinde
919 2132 1036 2198 lellen-
1086 2134 1196 2212 torati,
1229 2134 1282 2199 vel
1309 2135 1488 2218 Tubingae,
1518 2134 1571 2200 vel
1600 2132 1847 2218 Heidelbergae,
1877 2135 1932 2202 vel
1961 2139 2061 2203 etiam

63 2219 113 2285 dis
134 2220 297 2303 imperitis
317 2221 429 2285 fucum
451 2241 492 2284 ex
515 2227 570 2285 tuo
592 2221 725 2286 nomine
747 2219 901 2285 videbam
930 2220 1038 2285 facere
1086 2219 1274 2285 Franofurti
1306 2219 1496 2285 commodus
1529 2228 1625 2285 esset-
1644 2219 1749 2285 locus:
1779 2227 1910 2286 tantum
1935 2223 1962 2286 si
1996 2222 2059 2289 hoo

61 2305 277 2383 adversarios,
300 2327 342 2370 ne
363 2303 494 2371 viderer
510 2305 546 2369 in
568 2327 604 2371 re
624 2313 694 2371 tam
715 2306 804 2372 clara
825 2303 1036 2389 tergiversari
1086 2306 1257 2387 impetres,
1287 2314 1326 2369 ut
1353 2305 1395 2370 ad
1423 2304 1585 2389 placidam
1621 2303 1888 2389 disceptationem
1918 2315 2058 2392 utraque

63 2390 165 2476 (quod
185 2391 320 2455 minime
341 2392 520 2475 ingenuum
544 2400 629 2464 erat)
653 2390 750 2456 fidem
773 2400 830 2456 tuo
848 2390 1035 2457 testimonio
1086 2410 1164 2473 pars
1185 2390 1382 2457 descendere
1403 2398 1518 2475 parata
1534 2391 1585 2470 sit,
1597 2390 1766 2455 mehorem
1783 2391 1852 2455 fore
1874 2412 1970 2475 spero
1992 2393 2060 2458 exi-

62 2478 192 2559 saepius
214 2475 339 2542 deferre
360 2497 426 2542 non
447 2476 604 2542 dubitavi.
615 2478 644 2559 ⁶)
686 2477 760 2544 Hac
781 2478 816 2542 in
838 2498 875 2542 re
895 2476 1034 2557 culpam,
1086 2484 1168 2554 tum,
1187 2497 1285 2559 quam
1307 2474 1456 2541 divinent
1471 2475 1568 2540 multi
1585 2477 1754 2558 suspiciosi
1772 2476 1930 2542 homines.
1960 2477 2058 2559 Quod

63 2562 103 2627 de
124 2582 189 2645 qua
216 2583 270 2626 me
291 2582 433 2646 purgare
454 2582 571 2645 operae
600 2563 741 2646 pretium
769 2564 828 2641 sit,
859 2561 939 2628 adeo
969 2581 1034 2625 non
1086 2561 1115 2626 si
1137 2569 1171 2626 te
1191 2560 1253 2626 hoc
1273 2563 1406 2645 negotio
1426 2562 1547 2628 infecto
1568 2562 1687 2626 iterum
1713 2563 1748 2626 in
1776 2559 1954 2627 saxoniam
1976 2565 2058 2630 rcci-

62 2649 355 2733 agnoscentium
376 2648 500 2730 optimo
522 2650 677 2731 conqueri
696 2648 736 2713 de
754 2661 810 2713 tua
828 2646 1034 2714 annotatione
1085 2648 1145 2797 pis,
1169 2667 1283 2712 vereor
1299 2668 1342 2711 ne
1362 2668 1434 2712 sero
1456 2656 1488 2710 te
1505 2647 1677 2729 poeniteat,
1690 2646 1877 2713 exitialibus
1894 2649 1966 2715 istie
1987 2657 2059 2715 tur·

61 2733 173 2800 liceat:
198 2735 295 2800 etsia
316 2733 513 2799 turbulentis
533 2734 766 2801 certaminibus
788 2733 951 2812 abhorres,
970 2732 1034 2798 scis
1106 2733 1136 2797 is
1168 2753 1236 2797 non
1264 2732 1398 2797 allatum
1427 2732 1528 2796 fuisse
1560 2740 1617 2796 tua
1644 2750 1744 2813 opera
1772 2732 1962 2800 remedium.
2012 2737 2059 2803 Ac

61 2827 172 2884 tamon
202 2818 281 2902 quid
311 2840 368 2885 suo
398 2818 547 2901 exemplo
574 2820 699 2885 Paulus
728 2819 879 2885 omnibus
906 2817 1033 2884 Christi
1087 2839 1177 2884 nunc
1197 2817 1387 2882 memineris
1414 2839 1482 2882 non
1507 2824 1574 2880 tam
1596 2817 1681 2882 votis
1704 2816 1756 2880 bic
1778 2819 1837 2883 tibi
1859 2838 1930 2884 esse
2000 2842 2059 2886 en·

61 2907 166 2970 servis
194 2904 402 2987 praescribat.
457 2903 555 2970 Oerte
584 2907 688 2970 maior
716 2905 785 2983 tibi,
809 2926 907 2987 quam
935 2905 971 2968 in
993 2924 1032 2968 eo
1086 2902 1164 2967 dum
1185 2923 1282 2986 quam
1312 2912 1445 2968 strenua
1467 2901 1692 2978 sollicitudine,
1719 2909 1757 2966 nt
1778 2902 1818 2966 ad
1841 2913 1976 2989 satagen
2001 2928 2058 2971 um

60 2999 208 3073 spectata
230 2991 303 3070 fuit,
325 2990 558 3057 moderationis
578 2991 652 3057 laus
673 3012 739 3055 non
761 3004 811 3056 est
839 2988 1032 3074 appetenda.
1084 2989 1182 3138 paulo
1204 2989 1383 3054 ferventius
1401 3008 1500 3072 qnam
1521 3007 1628 3052 mores
1646 2988 1695 3053 tui
1713 2985 1821 3052 lerant
1837 2989 1985 3057 intentus
2002 2992 2057 3057 sis.

60 3075 175 3157 Quum
196 3096 274 3159 ergo
295 3075 351 3141 ille
376 3096 505 3141 summa
525 3076 661 3142 lenitate
682 3075 850 3160 praeditus
867 3097 925 3159 per
946 3074 1032 3142 sedi·
1104 3094 1156 3138 am
1179 3095 1258 3139 vcro
1281 3075 1309 3139 si
1330 3096 1396 3139 non
1418 3086 1485 3138 tam
1503 3073 1663 3138 flexibiles
1684 3081 1783 3138 erunt
1798 3075 1972 3158 prinsipes,
1990 3096 2058 3143 non

59 3163 165 3228 tiones
185 3162 347 3243 intrepide
369 3162 545 3240 transierit,
564 3184 624 3229 nec
645 3160 759 3228 eadem
780 3162 874 3228 nobis
895 3160 1033 3226 molesta
1085 3168 1195 3226 tamen
1216 3159 1448 3245 negligendum
1471 3161 1542 3239 erit,
1564 3157 1650 3242 quod
1677 3178 1763 3223 anno
1787 3161 1953 3243 superiore
1981 3163 2059 3228 ami-

59 3249 104 3313 sit
125 3247 222 3313 hodie
244 3246 394 3312 conditio.
444 3248 494 3313 Ac
516 3248 576 3313 tibi
602 3248 735 3313 omnino
761 3248 828 3313 iam
853 3247 1033 3315 videndum
1085 3247 1131 3312 cis
1152 3244 1347 3328 quibusdam
1369 3246 1536 3328 scripsisti,
1547 3253 1579 3310 te
1600 3263 1732 3326 operam
1751 3244 1914 3325 daturum,
1926 3256 1966 3311 ut
1982 3267 2058 3312 cnm

58 3342 111 3398 est
131 3332 263 3416 quidem
292 3339 436 3411 mature,
458 3354 501 3399 ne
521 3334 582 3398 tibi
602 3333 688 3416 apud
716 3342 861 3417 posteros
884 3331 1033 3399 dedecori
1084 3333 1156 3415 piis,
1175 3333 1313 3415 integris
1330 3339 1364 3396 et
1380 3330 1556 3396 moderatis
1567 3330 1754 3395 hominibus
1771 3331 1840 3414 ipse
1857 3333 2056 3399 convenires.

58 3419 103 3484 ιιι
125 3419 230 3483 nimia
251 3419 465 3484 taciturnitas.
510 3418 664 3500 Quodsi,
687 3419 766 3484 dum
788 3421 855 3484 suis
876 3419 950 3484 telis
971 3439 1033 3483 un·
1083 3417 1139 3482 Ex
1161 3436 1275 3482 eorum
1297 3435 1435 3482 numero
1457 3416 1486 3482 si
1507 3437 1559 3481 me
1581 3436 1684 3480 unum
1706 3435 1777 3481 esee
1806 3437 1927 3496 censes,
1958 3439 2057 3500 quae·

59 3505 159 3587 dique
191 3511 225 3569 ιι
257 3504 444 3570 confodiant
475 3504 724 3587 hippocentauri
754 3506 820 3582 isti,
853 3511 1033 3587 exspectas,
1084 3525 1212 3586 cunque
1245 3501 1374 3568 aliunde
1407 3512 1523 3586 urgeat
1555 3502 1745 3579 necessitas,
1782 3502 1844 3568 hoc
1877 3511 1987 3568 tamen
2020 3504 2057 3569 in

58 3589 242 3655 timendum
275 3611 391 3655 rursus
423 3611 465 3654 ne
503 3610 619 3673 parum
651 3601 832 3673 opportuna
864 3600 1034 3656 censeatur
1083 3589 1266 3672 praecipuis
1295 3588 1382 3653 votis
1415 3597 1465 3652 est
1492 3586 1585 3665 mihi,
1618 3595 1794 3670 antequam
1826 3586 1989 3653 Dominus
2020 3591 2056 3654 in
2105 3664 2108 3671 ,

59 3677 218 3741 confessio
240 3696 337 3757 quam
359 3685 451 3741 tanta
472 3677 648 3742 necessitas
666 3677 848 3741 extorserit.
895 3674 982 3755 Quid
1005 3677 1034 3740 si
1085 3695 1223 3758 regnum
1243 3695 1341 3740 suum
1361 3674 1500 3739 eoeleste
1521 3693 1581 3738 nos
1603 3672 1744 3756 colligat,
1766 3692 1829 3755 quo
1853 3672 1992 3740 alacrius
2014 3673 2056 3739 ad

58 3783 148 3828 mors
170 3760 328 3843 occupet?
352 3761 469 3826 Nonne
490 3771 527 3827 ut
549 3762 608 3827 tibi
632 3760 765 3826 decedat
786 3761 892 3827 omnis
910 3762 1033 3826 autori·
1084 3767 1222 3824 mortem
1239 3779 1422 3843 properem,
1432 3758 1664 3825 iucundissimo
1682 3767 1738 3823 tuo
1759 3767 1934 3841 conspectu
1956 3759 2056 3824 semel

57 3859 109 3913 tas
150 3846 296 3929 fidesque
335 3846 518 3930 abrogetur,
557 3846 722 3912 serviliter
751 3845 901 3912 timidum
933 3847 1033 3912 firisse
1085 3844 1191 3909 adhuc
1211 3846 1246 3908 in
1270 3853 1357 3909 terra
1373 3846 1447 3923 frui,
1460 3853 1492 3909 et
1509 3843 1596 3910 mala
1617 3843 1734 3925 quibus
1751 3842 1875 3908 mederi
1896 3864 1961 3908 non
1984 3865 2056 3926 pos-

59 3931 270 3999 clamabunt?
309 3952 405 4014 quam
442 3932 612 3997 infamiam
648 3944 684 3997 ut
710 3934 768 3996 abs
797 3942 829 3996 te
862 3940 1033 4015 extergere
1083 3951 1206 4009 sumus,
1218 3929 1305 4013 apud
1320 3941 1353 3995 te
1375 3927 1572 4014 deplorando
1594 3928 1716 4010 aliquid
1733 3929 1907 3994 levationis
1924 3931 2053 3996 sentire.

60 4020 205 4094 festines,
228 4037 295 4082 non
318 4040 353 4082 es
375 4018 523 4100 pluribus
546 4019 655 4083 verbis
673 4017 863 4083 monendus.
914 4017 952 4083 si
974 4038 1031 4101 pa·
1084 4015 1177 4093 Vale,
1200 4016 1478 4098 praestantissime
1499 4015 1550 4080 vir
1571 4023 1605 4078 et
1626 4013 1707 4078 mihi
1730 4036 1771 4079 ex
1794 4016 1903 4078 animo
1925 4035 2054 4099 semper

59 4103 212 4170 cificandi
234 4105 317 4169 ratio
330 4105 507 4186 quaeritur,
519 4124 584 4167 una
602 4125 676 4186 spes
693 4111 764 4169 erat
781 4105 815 4167 in
834 4103 1031 4186 colloquio,⁷)
1083 4100 1294 4166 observande.
1327 4102 1491 4167 Dominus
1514 4110 1546 4164 te
1568 4121 1696 4183 semper
1717 4121 1776 4165 suo
1798 4100 1915 4183 spiritu
1936 4102 2055 4184 guber-

1083 4196 1147 4265 net,
1161 4186 1320 4269 praesidio
1338 4196 1469 4252 tueatur
1490 4194 1524 4251 et
1546 4185 1586 4250 ad
1608 4185 1693 4250 hanc
1715 4186 1874 4250 actionem
1892 4193 1924 4250 te
1941 4193 2054 4253 sancta

1082 4271 1257 4354 prudentia
1287 4274 1469 4356 invictaque
1502 4270 1693 4336 fortitudine
1726 4272 1884 4348 instruat,
1918 4277 2053 4354 tuosque

57 4414 126 4467 mm
146 4341 771 4479 vfflssfflefflbdlgmzffggffiffff·
795 4344 821 4397 ὅ·
840 4341 881 4395 28.
907 4342 1030 4396 mma·
1082 4358 1152 4441 pios
1174 4365 1309 4424 conatus
1332 4358 1509 4425 benedicet.
1555 4362 1583 4421 3.
1606 4356 1719 4422 Nonas
1741 4356 1893 4441 Augusti.
1921 4361 2010 4422 1557.
2025 4362 2053 4434 ⁹)

161 4477 192 4537 4)
212 4479 386 4533 lutheranus
405 4478 535 4533 Saxones.
1083 4516 1287 4527 ...-

163 4548 191 4614 5)
216 4548 329 4602 Videtur
351 4549 378 4601 ei
398 4564 456 4602 aaa
479 4564 538 4602 cum
559 4549 611 4603 bac
627 4548 741 4616 epistola
763 4547 891 4603 Ultimum
908 4548 1031 4604 admoui·

57 4619 158 4672 tionem
175 4619 231 4670 iore
248 4632 350 4685 moena
366 4631 401 4669 ca
416 4622 497 4697 parte
518 4618 593 4687 typis
613 4618 705 4699 macri
723 4618 972 4683 aureliacense,
990 4618 1032 4672 orl
1069 4644 1070 4647 ι
1183 4615 1214 4683 8)
1232 4617 1421 4684 Ballirperam
1437 4615 1557 4683 aliosque
1573 4613 1674 4696 lotrad.
1738 4683 1742 4694 Ι
1782 4683 1788 4693 .
1904 4684 1910 4695 ·
1935 4684 1940 4693 Ι

57 4693 129 4743 ‘m‘
146 4685 636 4836 ‘tlte-’'l“ttlf‘ttfhttt
654 4701 818 4835 mlle„
995 4824 1001 4835 ,
1085 4755 1143 4809 οι.
1160 4685 1213 4808 ιι
1230 4680 1658 4820 litt‘tatblttttt
1676 4689 1798 4805 lm
1812 4682 2051 4832 02⁰⁸&erss

64 4894 70 4905 α
163 4821 190 4888 7)
211 4822 318 4876 Revera
347 4823 494 4904 Polotrncc
525 4832 550 4877 et
581 4822 830 4891 Wartemberoencrs
862 4822 1033 4903 Wormocsoe
1080 4839 1136 4876 rem
1154 4823 1187 4877 de
1204 4836 1349 4892 quererer
1366 4821 1461 4876 ellatur
1478 4821 1570 4884 fuerat
1587 4825 1705 4874 uectore
1722 4817 1886 4874 recusabat?
1910 4818 1957 4872 Aa
1974 4819 2051 4873 denr-

58 4892 284 4972 mterltbrolopca
297 4892 471 4973 concordaret
480 4894 790 4958 mowcrertudrbaat,
808 4893 925 4946 cacluera
942 4898 1031 4945 tomen
1081 4908 1133 4973 pce
1154 4907 1247 4973 coram
1267 4906 1328 4972 cam
1345 4842 1456 4971 Narelia
1474 4888 1550 4970 Brea
1573 4890 1614 4941 ecl
1632 4887 1747 4968 Budare
1771 4894 1958 4967 orpamerrtum
1980 4887 2051 4942 eliud

60 4962 228 5014 camerae.
250 4960 444 5042 Concdeotaoae
460 4959 667 5042 fundamentum
678 4962 1031 5042 posuerantdupaatanom
1081 4968 1205 5026 ancorato
1227 4968 1297 5014 cotra
1319 4957 1435 5013 bobun?
1469 4958 1563 5010 Eleum
1582 4957 1620 5009 ad
1637 4955 1826 5023 Bullrnperum
1844 4956 1913 5010 nebel
1930 4956 2049 5011 adrem.

57 5028 289 5152 myreum,
309 5030 559 5152 danmmhmae'
585 5047 642 5153 ”⁰ss
663 5046 725 5152 utero
749 5035 980 5152 affirmamur,
1006 5034 1032 5084 et
1082 5029 1177 5098 (Oorp.
1198 5029 1260 5093 Res.
1279 5030 1326 5083 lX.
1343 5026 1401 5081 283.
1419 5026 1478 5080 296.
1495 5024 1555 5079 327.
1573 5023 1647 5088 3⁷9.)

182 5113 301 5151 exeam
326 5115 397 5151 corr
415 5114 433 5151 o
453 5114 502 5166 rap
554 5115 619 5154 cre
640 5115 721 5168 pars.
791 5114 867 5152 eac
967 5112 1030 5151 cero

54 5167 142 5235 probe
160 5168 259 5221 sciebat
276 5167 343 5235 qaid
360 5183 378 5219 α
399 5167 542 5223 elaeonis
559 5167 767 5237 exspectandam
786 5174 858 5221 emet.
884 5165 1030 5232 (Schmidt,

60 5235 126 5289 Mer.
146 5233 198 5288 603
216 5241 296 5305 seqq.)
