4778 5888
309 334 371 395 179
1060 323 1324 393 EPISTULAR,
1340 324 1549 388 tete-2471
1701 405 1703 411 ,
2244 329 2298 390 leo

310 517 398 602 quod
422 517 489 583 illic
521 519 646 600 geritur
672 517 807 600 plenum
836 521 887 580 est
916 512 1098 579 admirandi
1120 511 1280 576 miraculi.
1331 510 1400 576 sius
1432 509 1474 574 ad
1495 517 1529 576 te
1561 509 1646 594 quod
1679 531 1756 576 sane
1789 511 1989 596 displicebat.
2032 511 2118 577 Nam
2140 513 2300 596 estquod

310 607 462 687 Agamus
489 604 610 686 gratias
642 601 786 666 Domino
815 621 915 684 super
944 608 1011 663 tam
1029 599 1154 683 insigni
1176 607 1209 662 et
1229 598 1281 660 in·
1332 616 1420 679 agas,
1451 616 1550 678 quam
1582 594 1739 662 eiusmodi
1768 595 1916 681 legendis
1945 598 2002 662 vel
2031 595 2203 663 audiendis
2235 609 2300 664 tam

311 688 425 753 audita
448 689 562 770 gratia,
584 708 682 770 quam
697 688 876 763 confirmet,
899 684 1059 768 adaugeat
1081 694 1115 749 et
1134 684 1282 767 perficiat
1331 702 1443 746 aarum
1472 681 1641 764 impendes
1669 690 1806 764 tempus.
1858 683 1926 749 Sed
1960 704 1999 749 ea
2032 685 2157 749 ratione
2190 684 2300 750 iecisse

312 773 474 840 christus.
1331 765 1423 845 dixit,
1450 781 1489 831 ut
1509 779 1545 832 tu
1573 788 1639 831 uno
1666 768 1767 833 verbo
1795 767 2026 834 commendans
2047 769 2112 833 illis
2135 791 2177 834 ne
2201 772 2300 835 otium

398 857 464 923 Sed
498 876 562 939 quo
595 857 801 939 progredior,
840 857 885 919 mi
919 855 1101 938 Bullingere
1132 852 1280 937 optime?
1331 872 1371 915 ex
1405 852 1510 917 literis
1537 851 1579 917 ad
1606 863 1639 916 te
1667 851 1763 930 datis,
1793 854 1921 937 illisque
1949 854 2087 934 traditis,
2117 790 2200 938 quii
2214 864 2300 938 petat

313 944 379 1008 mei
407 945 578 1028 immemor
606 943 704 1005 nimis
730 942 846 1006 abutor
864 952 920 1006 tua
936 940 1149 1004 humanitate.
1194 940 1281 1004 Boni
1330 937 1519 1021 intelligant
1540 939 1631 1002 etin
1654 940 1701 1003 tui
1711 941 1861 1023 gratiam,
1884 941 1937 1005 vel
1960 942 2066 1022 potius
2088 940 2225 1019 Christi,
2248 964 2301 1007 cu·

312 1049 431 1111 quaeso
452 1028 592 1093 consule.
633 1027 855 1092 Tardissimus
877 1027 933 1104 fui,
952 1027 1029 1108 quia
1050 1047 1146 1090 nemo
1168 1045 1280 1091 occur·
1331 1033 1412 1087 rent.
1462 1021 1585 1108 Adegit
1613 1045 1666 1089 me
1695 1026 1768 1107 pius
1789 1025 1899 1105 frater,
1933 1035 1973 1091 ut
1994 1048 2053 1092 sua
2074 1048 2175 1092 causa
2197 1039 2229 1092 te
2251 1049 2300 1092 ro-

310 1115 356 1178 rit
373 1111 687 1195 adrespoudendum
708 1113 771 1178 tuis
789 1113 903 1186 literis,
925 1121 959 1177 et
980 1132 1068 1176 nuno
1086 1123 1119 1176 te
1137 1109 1280 1175 obtundo
1331 1129 1453 1192 garem,
1477 1130 1578 1193 quum
1598 1109 1710 1174 liberie
1731 1111 1775 1175 sit
1792 1122 1930 1178 onustus
1952 1122 1986 1177 et
2002 1111 2084 1176 nolit
2105 1113 2210 1195 patris
2232 1113 2301 1178 offi-

311 1220 411 1281 supra
438 1198 581 1262 modum.
627 1197 694 1262 Sed
723 1197 804 1263 haec
826 1196 918 1261 trade
943 1197 1041 1262 alicui
1064 1219 1105 1260 ex
1126 1197 1202 1273 tuis,
1224 1197 1280 1278 qui
1331 1195 1416 1258 oium
1444 1196 1479 1258 in
1507 1216 1561 1260 eos
1590 1196 1766 1279 negligere.
1818 1197 1906 1263 Sunt
1933 1207 1967 1262 et
1988 1197 2046 1262 alii
2067 1219 2205 1280 quorum
2228 1221 2300 1264 con·

312 1285 372 1349 otii
404 1292 532 1348 tantum
560 1282 678 1347 habeat
711 1294 747 1347 ut
778 1284 888 1366 legere
906 1284 1017 1365 possit.
1057 1283 1104 1346 Et
1124 1303 1224 1365 quum
1247 1291 1280 1346 te
1331 1278 1409 1344 ditio
1431 1279 1535 1344 nihilo
1556 1281 1672 1345 melior
1693 1292 1752 1359 est,
1775 1281 1832 1347 sed
1854 1283 2060 1366 potissimum
2079 1286 2233 1366 angimur
2245 1305 2300 1367 pro

312 1370 453 1435 amicum
481 1368 651 1433 habuerim
679 1378 713 1433 et
741 1368 944 1447 Pellieonum,
973 1378 1009 1431 tu
1039 1377 1199 1450 quantum
1227 1387 1280 1431 me
1331 1364 1520 1441 Hubrccbio,
1551 1387 1625 1431 oum
1655 1388 1717 1449 quo
1747 1369 1857 1450 agitur
1884 1370 2095 1452 iniquissime,
2119 1378 2157 1433 ut
2179 1371 2300 1453 aliquo-

311 1455 469 1539 diligebas
497 1475 572 1518 ama
600 1465 633 1517 et
655 1453 736 1518 adde
766 1454 910 1518 defuncti
931 1454 968 1517 in
988 1473 1042 1516 me
1062 1453 1224 1526 affectum,
1247 1463 1281 1516 et
1331 1472 1404 1514 rum
1434 1452 1638 1534 improbitati
1665 1453 1724 1517 fiat
1745 1454 1835 1530 satis,
1856 1476 1956 1537 quum
1979 1455 2181 1520 inferendis
2204 1455 2299 1521 seele-

310 1561 370 1624 ego
402 1539 597 1622 respondere
630 1552 705 1604 tuae
726 1540 761 1603 in
791 1561 843 1603 me
865 1540 994 1603 caritati
1012 1538 1149 1603 adnitar.
1194 1537 1279 1602 Vale
1331 1537 1412 1601 ratis
1434 1537 1518 1604 nihil
1541 1547 1717 1602 vereantur
1730 1561 1845 1621 parum
1857 1541 1984 1604 numirii
2002 1540 2185 1606 deferentes
2195 1542 2299 1606 Deum

310 1646 407 1708 quam
435 1627 565 1706 optime.
610 1625 656 1689 Te
674 1636 782 1690 servet
805 1623 977 1703 Dominus,
995 1624 1279 1706 ministeriumque
1330 1631 1367 1686 ιιι
1394 1624 1530 1687 verbum
1562 1633 1785 1705 contemptum
1809 1625 1938 1690 habere.
1984 1626 2068 1691 Vale
2090 1626 2174 1691 bene
2196 1638 2298 1691 tuam·

310 1721 403 1776 tuum
426 1711 649 1775 benedictione
661 1711 789 1775 coelesti
811 1710 900 1789 ditet,
922 1719 955 1774 et
978 1721 1084 1775 tecum
1107 1708 1192 1774 adsit
1213 1711 1279 1773 tuis
1330 1727 1393 1789 que
1426 1729 1504 1773 eura
1536 1708 1768 1774 valetudinem.
1820 1711 1973 1776 Neocomi
2009 1717 2057 1777 30.
2092 1713 2175 1777 Maii
2212 1717 2296 1776 1556.

309 1798 470 1880 synergis,
493 1817 572 1878 quos
593 1807 669 1878 opto
693 1817 755 1859 non
777 1797 888 1859 minus
910 1795 971 1860 tibi
993 1805 1103 1859 sancte
1126 1795 1278 1860 coniunc-
1330 1792 1436 1875 Cupio
1458 1814 1572 1857 omnes
1595 1795 1713 1859 salvos.
1759 1794 1893 1881 (lollega
1915 1807 1948 1861 te
1971 1797 2100 1862 salutat.

311 1891 363 1945 tos
396 1901 492 1963 quam
524 1882 587 1945 fuit
619 1881 692 1962 pius
713 1881 768 1944 ille
785 1903 895 1945 senex.
941 1879 1077 1963 Collega
1094 1890 1127 1945 te
1146 1880 1277 1945 salutat.

308 1967 498 2032 Praefectus
515 1974 627 2030 noster
644 1988 684 2030 ex
698 1969 805 2030 animo
823 1968 951 2049 excepit
972 1965 1199 2031 salutationem
1223 1976 1278 2029 tuo

310 2053 448 2130 nomine,
461 2052 632 2133 omniaque
653 2050 762 2115 fausta
783 2052 843 2115 tibi
865 2062 964 2134 optat.
997 2053 1116 2132 Accepi
1140 2051 1180 2116 de
1201 2071 1278 2115 vere

308 2138 363 2220 pio
385 2138 517 2203 consule
530 2137 632 2201 Hodie
650 2158 747 2218 quarn
767 2136 898 2212 laboret,
916 2158 982 2201 non
1001 2147 1130 2200 tautum
1149 2146 1186 2200 ut
1203 2137 1278 2200 istic

309 2242 388 2287 vere
408 2233 523 2306 regnet
546 2223 706 2298 Christus,
729 2223 963 2287 verumetiam
985 2222 1114 2305 ubique.
1159 2221 1275 2286 Domi-

310 2328 374 2373 nus
396 2314 515 2383 multos
534 2307 692 2372 eiusmodi
709 2307 772 2383 det,
795 2328 891 2390 quem
914 2319 989 2391 opto
1011 2309 1148 2372 salvum.
1192 2308 1277 2371 Neo-

310 2395 394 2458 comi
417 2398 466 2457 27.
490 2393 571 2457 Maii
594 2397 681 2457 1556.

725 2529 816 2592 Tuus
837 2551 879 2592 ex
901 2529 1009 2593 animo
1031 2529 1191 2593 Farellus.
1770 2545 1866 2615 2470.

1551 2696 1786 2766 CALVINUS
1810 2699 2078 2767 LISMANINO.

1744 1933 1834 1997 Tuus
1857 1934 2009 1999 Farellus
2032 1957 2072 1998 ex
2095 1935 2216 2000 animo.

693 2821 890 2830 ———·

1417 2866 1641 2949 Frapmeatum
1668 2875 1789 2936 tantum
1817 2872 1939 2938 videtur
1971 2874 2118 2953 epistolae
2140 2880 2216 2956 post
2235 2875 2293 2939 eisc

1331 2952 1466 3017 reditum
1482 2955 1517 3018 io
1541 2954 1705 3032 Potentem
1726 2959 1868 3037 scriptae.

735 3037 835 3108 2469.
1331 3123 1387 3184 (Elx
1410 3123 1566 3178 authentioo
1584 3126 1723 3180 lenvillaei
1747 3129 1896 3197 exemplari
1913 3129 1947 3180 ab
1970 3129 2031 3197 ipso
2049 3129 2162 3183 Calvirm
2185 3131 2293 3252 locuple·

551 3192 799 3259 FARELLUS
821 3193 1038 3260 GALVINQ
1330 3198 1388 3245 tato
1407 3192 1471 3246 Ood.
1490 3193 1590 3246 Gener.
1611 3193 1680 3258 107¹,
1706 3195 1750 3248 iol.
1768 3195 1829 3250 303.
1867 3197 2029 3251 Turi-atinus
2051 3198 2136 3251 habet
2160 3198 2224 3253 God.
2258 3197 2291 3263 08,

840 3279 842 3285 ·
1384 3260 1430 3315 fol.
1450 3260 1507 3325 164,
1525 3262 1676 3316 Beruenses
1694 3264 1763 3334 Epp.
1782 3266 1841 3318 Vll.
1859 3283 1885 3335 p.
1904 3265 1945 3333 34,
1964 3266 2095 3320 simlerus
2113 3268 2175 3322 Vol.
2192 3266 2250 3334 87.)

396 3361 527 3443 Raptim
544 3363 618 3426 dicit
650 3363 689 3427 de
703 3316 823 3447 'neoto
841 3365 975 3446 quodam
987 3365 1276 3449 Matisconenaium,
1732 3434 1738 3447 ,
1840 3437 1845 3448 Ι

309 3451 337 3512 et
357 3448 395 3512 de
414 3447 611 3512 Hottraetto.
1698 3434 1900 3500 Lrsmanmo.
1915 3440 1941 3515 ¹)

307 3616 513 3683 (Anthenticum
540 3633 593 3669 nou
619 3623 717 3670 exstat.
753 3617 904 3687 Supersunt
930 3623 1096 3692 exemplaria
1121 3640 1173 3693 apo
1222 3625 1277 3747 pha
1413 3600 1448 3667 S·
1472 3603 1672 3686 ΡΓΟΒΡΘΓΠΠΙ
1692 3604 1751 3668 hibi
1773 3606 1872 3670 fUiSSO
1894 3609 1957 3673 iter
1978 3627 2016 3671 ³10
2036 3609 2103 3673 iam
2125 3617 2160 3674 ¹20
2182 3612 2218 3675 in
2241 3614 2303 3678 P0‘

308 3683 375 3740 dod.
402 3687 504 3738 Gener.
531 3685 590 3752 116,
616 3685 661 3739 tol.
687 3685 1087 3823 493I303117.·)Epp.vl.576
1113 3699 1142 3745 et
1187 3695 1276 3748 imeri
1327 3687 1415 3752 leuia
1444 3690 1640 3754 incolumem
1670 3711 1750 3768 esse,
1780 3691 1966 3758 venerande
1993 3694 2102 3772 frater,
2132 3717 2175 3760 ex
2198 3697 2306 3763 literis

1327 3775 1395 3838 tuis
1403 3778 1431 3850 ²)
1452 3776 1637 3859 intelligere
1664 3775 1843 3841 iucundum
1864 3778 1936 3842 fuit.
1976 3779 2114 3845 Utinam
2136 3782 2234 3847 brevi
2256 3808 2312 3850 ee·

365 3925 371 3937 ,
412 3926 417 3936 ,
534 3925 540 3937 ,
578 3925 583 3938 ,
839 3927 845 3939 ,
954 3929 960 3941 ‚
1148 3933 1154 3946 Ι
1326 3869 1470 3939 quantur
1480 3861 1561 3925 aliae
1572 3860 1599 3945 ⁸)
1621 3883 1703 3943 quae
1722 3862 1761 3927 de
1780 3863 1929 3929 uberiore
1940 3866 2101 3930 adventus
2122 3869 2173 3931 tui
2195 3871 2316 3935 fructu

307 3924 440 3989 Eximio
462 3923 586 3989 Ohrrstr
608 3926 1275 4012 servo,Ioann1Calmno,pastor1ecele·
1325 3945 1515 4027 gratulandi
1543 3947 1714 4011 materiam
1743 3949 1929 4030 praebeant.
1977 3950 2115 4017 Veteres
2144 3965 2221 4019 tuos
2253 3979 2319 4022 so*

308 4011 375 4075 siae
407 4011 612 4075 Genevensis
641 4032 738 4093 quam
767 4012 963 4112 fidelissimo,
996 4016 1091 4079 fratri
1123 4025 1157 4082 et
1185 4040 1274 4103 sym·
1326 4028 1416 4094 dales
1426 4034 1454 4102 ⁴)
1473 4053 1539 4096 non
1554 4031 1695 4097 libenter
1717 4055 1735 4097 e
1757 4035 1825 4099 suis
1848 4035 1935 4100 nidis
1967 4036 2058 4100 exire
2086 4057 2216 4104 novum
2240 4056 2327 4107 nou

567 4104 695 4179 mystae
717 4118 815 4178 quam
836 4120 1012 4164 earlssffimO·
1325 4126 1385 4192 est,
1416 4117 1537 4199 tibique
1565 4117 1600 4180 iu
1628 4139 1668 4182 ca
1695 4140 1730 4183 ro
1758 4120 1899 4184 multum
1931 4143 2001 4186 esse
2031 4125 2158 4206 negotii
2181 4129 2330 4193 mirum

391 4266 426 4332 S.
451 4268 502 4331 De
513 4266 808 4331 Matisconeusibns
821 4267 846 4351 ¹)
860 4289 934 4333 sum
950 4268 1104 4352 loquutus
1123 4272 1273 4338 Tamm-

305 4354 423 4452 aino,⁴²)
446 4351 632 4434 quigaudio
650 4352 752 4450 multo
774 4354 896 4435 gratias
914 4356 1133 4455 egitDomino
1155 4367 1187 4457 et
1209 4380 1274 4457 uua
1325 4403 1419 4458 2470·
1430 4405 1459 4470 1)
1481 4405 1591 4459 ommi
1606 4423 1711 4461 mam

307 4450 411 4519 coepit
432 4458 529 4520 agere
550 4436 777 4514 denonuulhs,
799 4459 881 4520 quae
899 4449 976 4504 sunt
993 4462 1052 4522 pro
1073 4442 1273 4523 surslrberrs,
1426 4473 1457 4538 2)
1477 4474 1514 4529 Ν,
1531 4473 1608 4528 2431.

307 4524 336 4588 ei
362 4544 426 4604 qua
447 4524 501 4588 via
519 4543 576 4603 per
599 4534 631 4586 te
653 4521 707 4586 vel
738 4523 899 4589 Tentorcm
920 4527 976 4590 isti
994 4538 1126 4608 possent
1147 4528 1273 4605 adduci,
1428 4542 1459 4606 3)
1478 4543 1911 4600 Lamentniaeouancmuea
1929 4554 2035 4603 tastum
2050 4555 2115 4616 post
2131 4551 2211 4606 wem
2225 4555 2327 4610 modo

307 4616 342 4671 at
374 4616 509 4690 agerent
541 4627 598 4688 pro
632 4608 686 4688 pio
718 4619 751 4671 et
784 4630 927 4691 paupere
948 4612 1057 4690 fratre,
1081 4623 1117 4677 ut
1139 4613 1275 4680 haberet
1324 4611 1467 4666 lamiam
1483 4620 1606 4680 wem
1622 4613 1648 4667 ἅ·
1667 4616 1693 4668 1¹·
1713 4614 1754 4667 14.
1773 4613 1840 4669 Dec·
1860 4614 1935 4669 1561·

307 4692 428 4774 aliquid
454 4691 494 4756 de
525 4693 731 4758 facultatibus
758 4698 910 4775 paternis.
951 4696 1092 4779 Scripsit
1108 4699 1163 4764 ille
1177 4703 1203 4776 ⁸)
1225 4701 1274 4765 iu·
1325 4755 1351 4802 a
1377 4680 1506 4803 01αὲὲῖ
1498 4681 2131 4822 mfflffwmmmmssmmgw
2147 4681 2325 4824 giam?

555 4880 560 4890 .
844 4884 849 4893 ι
1326 4818 1442 4873 Lubias.
1461 4834 1489 4884 p.
1507 4818 1554 4871 23:
1580 4821 1729 4873 hismanini
1754 4822 1922 4890 indulgentia
1948 4829 1976 4875 et
2002 4838 2086 4891 opera
2111 4829 2242 4882 nonnulli
2267 4839 2311 4883 ex

307 4875 603 4959 2469.1)Nepotuem
626 4880 688 4946 boo,
715 4896 795 4949 paam
819 4883 864 4936 luc
885 4883 997 4938 obscure
1020 4886 1171 4952 expositum
1193 4891 1229 4942 ιιι
1246 4894 1277 4943 ut
1325 4887 1428 4940 familie
1452 4887 1589 4942 Francieci
1615 4889 1650 4941 ad
1676 4891 1798 4943 veritatis
1824 4891 2005 4959 cognitionem
2032 4894 2149 4947 caeteris
2177 4900 2304 4964 aptiores

307 4960 396 5012 mapsa
418 4959 472 4998 non
492 4954 594 5028 posset,
618 4949 731 5002 aliunde
753 4951 822 5004 tuce
845 4951 953 5022 aliquid
975 4970 1031 5007 non
1054 4955 1153 5023 occipit
1169 4957 1227 5010 nbi
1242 4973 1275 5011 ec
1326 4956 1426 5024 (qualia
1448 4956 1495 5009 ille
1512 4957 1626 5010 Alexius
1644 4961 1690 5026 qni
1712 4963 1809 5027 postea
1831 4959 1966 5013 Racorme
1989 4960 2045 5024 egit
2068 4968 2096 5014 et
2113 4962 2298 5037 Hieronymus

307 5027 436 5080 response
454 5012 562 5095 Oetaeae
578 5018 651 5097 quod
669 5034 734 5098 asoa
748 5025 879 5087 sequetur.
1326 5025 1373 5093 qui
1388 5024 1464 5077 Italis
1482 5025 1627 5079 cracoviae
1648 5028 1857 5080 concionabatur
1879 5033 1908 5081 et
1929 5028 2068 5097 puriorem
2093 5029 2249 5088 doctrinam
2267 5046 2296 5086 so

410 5081 438 5161 2)
458 5082 551 5136 Huius
566 5101 687 5166 mesenes
703 5101 800 5149 oerum,
819 5089 1021 5143 ministrantia
1040 5090 1184 5146 Oorneacx
1201 5091 1274 5148 Neo·
1324 5093 1455 5162 pietatem
1472 5092 1635 5161 instillabat)
1652 5111 1686 5147 ex
1707 5097 1831 5149 claustris
1847 5097 2002 5150 monasticis
2026 5108 2173 5155 eraserunt
2196 5112 2226 5156 et
2242 5119 2291 5157 ms·

307 5163 470 5205 comessum
486 5151 606 5207 Minuta
625 5154 662 5207 N.
680 5153 741 5207 358.
758 5155 816 5208 616.
1325 5162 1411 5230 gistro
1432 5161 1505 5215 dam
1527 5171 1699 5230 paraverunt.
1719 5194 1750 5203 -
1772 5163 1887 5218 Videtur
1909 5181 1983 5221 acac
2006 5182 2111 5236 qaoque
2134 5186 2169 5223 er
2185 5186 2238 5226 aco
2253 5186 2287 5226 re·

409 5217 440 5283 3)
461 5222 603 5275 Antonius.
646 5223 713 5277 Vide
729 5239 769 5292 ep.
791 5224 900 5279 Oclos'm'
917 5225 954 5280 N.
973 5223 1048 5279 2471.
1325 5245 1401 5284 cessa
1416 5228 1471 5284 ribi
1487 5231 1593 5286 addam
1611 5233 1649 5286 cd
1664 5248 1710 5286 eos
1727 5234 1939 5299 lumtocieodoe
1955 5250 2058 5303 parcre
2074 5237 2199 5295 matese.
