4778 5888
110 317 175 380 289
945 314 1026 378 1556
1046 309 1273 379 suPuEMB.
2049 314 2115 380 290

1139 506 1192 564 tur
1213 498 1328 564 uerae
1346 468 1392 564 u.
1416 499 1584 565 sessani
1600 500 1834 580 ennomus>
1851 500 1894 568 u.
1920 501 2112 588 osseae)

111 499 242 583 qualem
265 500 334 581 ipse
361 499 573 584 magistratus
595 499 722 565 laturus
736 501 823 578 erat,
846 505 879 563 et
899 497 970 580 ipse
993 519 1086 582 prae·

1137 593 1171 649 et
1191 583 1235 649 D.
1254 584 1529 663 Evnmanuettsfi)
1551 588 1704 669 quoniam
1727 609 1769 652 ex
1790 606 1828 652 eo
1849 587 1935 653 lauto
1957 609 2113 672 magnam

112 585 238 664 sertim,
260 606 361 667 quum
383 605 421 649 ea
445 604 542 649 eausa
563 606 650 651 nune
672 594 798 669 agatur,
820 603 902 668 quae
923 604 990 649 non
1012 592 1086 649 tan·

112 680 186 735 tum
213 671 345 755 privata
372 691 446 735 mea
474 671 527 750 sit,
547 692 668 737 rerum
690 670 789 735 etiam
806 671 989 738 eommunis
1012 671 1086 735 uni·
1137 669 1219 734 mihi
1248 669 1304 736 ille
1332 670 1446 736 intulit
1467 671 1692 755 ignominiam.
1736 673 1915 738 Praeterea
1932 674 2032 738 etiam
2050 694 2111 738 ex·

112 777 208 822 verso
236 755 454 822 eoelesiastioo
483 757 675 834 ministerio,
697 757 744 821 ita
766 763 803 820 ιιι
825 755 991 822 sententia
1014 777 1086 821 ves·
1137 755 1263 839 emplar
1289 754 1371 821 illud
1400 756 1572 822 literarum
1604 757 1722 841 quibus
1752 759 2013 841 eosubsurlpsi
2034 780 2111 825 oum

114 858 167 907 tra
194 842 229 905 in
252 841 313 906 hae
335 861 432 906 eausa
461 841 504 906 sit
525 842 635 906 futura
658 841 757 907 veluti
786 841 842 906 lex
864 841 1022 924 quaedam
1045 863 1086 907 ex
1137 840 1211 905 aliis
1233 842 1391 926 prinoipio
1409 843 1508 909 huius
1537 843 1700 909 nasoentis
1722 780 1885 910 eeclesiae.
1928 843 1970 908 In
1992 845 2110 927 quibus

114 948 179 1011 qua
203 927 355 1011 deinoeps
377 926 520 992 ministri
542 948 655 993 omnes
672 927 859 994 indicentur
882 927 979 991 etiam
999 926 1089 1010 apud
1137 927 1288 992 omnibus
1317 928 1364 992 ita
1396 948 1456 993 vos
1488 948 1583 1009 spero
1604 928 1811 1006 iudieaturos,
1834 937 1873 993 ut
1889 928 1972 994 nulli
1994 930 2111 995 merito

114 1013 196 1078 alias
222 1012 388 1078 eeclesias:
422 1011 560 1096 rogandi
585 1013 667 1078 mihi
691 1014 779 1090 estis,
807 1011 968 1094 siquidem
990 1012 1086 1077 hodie
1137 1012 1232 1078 lieeat
1250 1021 1394 1077 vestrum
1411 1012 1567 1078 iudicium
1591 1013 1839 1096 reprehendere.

112 1098 295 1165 convenitis
312 1119 352 1162 ea
373 1098 412 1162 de
430 1120 537 1178 eausa,
550 1099 699 1182 inprimis
721 1106 758 1164 ut
780 1097 820 1162 de
841 1097 926 1162 fanto
949 1096 1086 1181 diligen·
1222 1097 1327 1163 Porro
1358 1098 1398 1163 de
1430 1098 1640 1164 atrooissimis
1661 1100 1790 1164 iniuriis
1812 1100 1894 1164 mihi
1917 1101 1957 1165 ab
1980 1100 2110 1183 Auens-

112 1196 165 1249 ter
186 1183 392 1267 cognoseatis
407 1184 606 1267 (quanquam
631 1184 671 1249 de
694 1193 804 1250 vestra
824 1183 946 1265 pietate
967 1181 1032 1247 fide
1054 1193 1087 1248 et
1136 1185 1200 1249 tino
1221 1183 1348 1266 publioe
1370 1205 1470 1265 quum
1488 1182 1574 1267 apud
1588 1185 1764 1251 aeolesiam
1786 1195 1857 1249 tum
1880 1185 1966 1268 apud
1987 1185 2110 1269 magis·

112 1270 284 1354 diligentia
312 1268 396 1333 nihil
424 1269 584 1335 haetenus
605 1267 739 1349 dubito),
761 1289 799 1335 ao
820 1266 861 1333 de
882 1288 921 1334 eo
943 1269 1086 1333 maxime
1137 1277 1262 1336 tratum
1290 1268 1390 1334 illatis
1418 1269 1505 1334 nihil
1526 1267 1633 1335 adhue
1655 1292 1728 1336 sum
1750 1270 1877 1353 publioe
1899 1280 2107 1353 oonquestus.

112 1356 268 1421 audiatur
284 1355 355 1439 ipse
382 1354 424 1419 D.
447 1375 469 1420 o
491 1355 600 1432 Lusco,
622 1356 674 1420 vir
705 1376 771 1420 non
790 1354 895 1420 solum
918 1354 1086 1419 nobilitate
1138 1353 1242 1437 Spero
1276 1364 1395 1432 tamen,
1429 1354 1558 1437 quando
1586 1354 1662 1420 illae
1695 1377 1755 1422 vos
1777 1377 1844 1421 non
1865 1355 1978 1433 latent,
2001 1357 2047 1420 ita
2069 1353 2109 1420 de

112 1450 149 1508 et
170 1440 351 1506 eruditione
368 1440 486 1519 olarus,
510 1441 568 1506 sed
591 1441 690 1506 etiam
713 1442 834 1524 pietate
856 1447 897 1505 et.
912 1439 1087 1523 prudentia
1137 1438 1287 1505 omnibns
1309 1438 1516 1519 indicaturos,
1535 1440 1618 1505 nihil
1640 1453 1678 1506 ut
1700 1461 1780 1523 opus
1802 1442 1844 1506 sit
1866 1451 1978 1524 postea
2000 1441 2040 1507 de
2057 1440 2110 1507 his

113 1527 201 1610 apud
230 1547 342 1591 omnes
370 1525 522 1593 ecelesias
551 1527 702 1593 illustris:
732 1526 789 1609 qui
812 1547 898 1590 unus
919 1528 1005 1590 inter
1028 1546 1086 1590 vos
1136 1524 1265 1609 publiea
1295 1526 1459 1608 conqueri,
1492 1547 1559 1591 non
1584 1548 1657 1592 mea
1685 1528 1812 1609 privata
1838 1547 1935 1593 eausa
1968 1525 2025 1593 sed
2047 1547 2109 1610 pu·

112 1634 226 1678 omnes
254 1620 355 1676 totam
379 1613 465 1678 hano
493 1633 623 1678 oausam
647 1613 768 1694 optime
789 1611 893 1691 novit,
915 1611 969 1677 eui
987 1612 1086 1676 etiam
1137 1609 1221 1677 blioa
1242 1612 1343 1676 totins
1365 1611 1539 1676 ministerii
1560 1625 1594 1676 et
1615 1611 1769 1678 eoelesiae
1790 1613 1903 1696 gratia.

113 1700 251 1764 testium
273 1696 535 1763 adversariorum
558 1719 664 1762 mores
684 1699 819 1763 affectus
838 1706 871 1761 et
891 1697 1001 1762 studia
1019 1719 1087 1761 ma·
1223 1697 1384 1762 Dominus
1396 1696 1490 1762 Iesus
1502 1718 1558 1763 vos
1577 1718 1635 1762 sno
1653 1698 1770 1780 spiritu
1788 1698 1922 1780 impleat
1933 1697 2110 1796 gubernet-

112 1786 167 1868 gis
188 1805 284 1866 qnam
308 1783 411 1850 ouivis
433 1784 528 1848 alteri
556 1793 634 1849 sunt
655 1784 786 1867 eogniti,
810 1803 994 1865 quanquam
1017 1783 1087 1866 ipse
1137 1801 1200 1864 que
1222 1783 1257 1845 in
1275 1781 1336 1847 hoe
1357 1781 1487 1858 iudioio,
1509 1793 1546 1847 ut
1566 1780 1723 1866 quidquid
1741 1783 1920 1848 statueritis
1938 1804 1974 1846 ιιι
1991 1781 2109 1846 timore

112 1871 157 1936 D.
182 1869 359 1949 Heroas,²)
382 1871 434 1934 vir
456 1870 556 1934 etiam
578 1870 697 1952 pietate
719 1879 753 1933 et
764 1866 947 1933 eruditione
969 1868 1086 1945 olarus,
1137 1866 1203 1933 Dei
1234 1868 1396 1949 pertineat
1427 1867 1468 1933 ad
1499 1869 1640 1933 nominis
1661 1868 1764 1950 ipsius
1787 1867 1926 1951 gloriam
1952 1875 1986 1932 et
2008 1867 2109 1933 totins

109 1965 226 2039 pastor
254 1955 407 2021 eeclesiae
431 1956 653 2039 Augustanus,
682 1953 874 2019 nonnullam
901 1953 1000 2019 habet
1033 1975 1086 2019 eo-
1138 1952 1291 2018 eoelesiae
1313 1952 1579 2019 aedificationem.
1624 1954 1758 2037 Raptim
1783 1952 2036 2020 Franoolordiae
2057 1956 2109 2019 20.

110 2040 254 2105 rundem
278 2041 523 2122 experientiam.
564 2040 772 2124 Quapropter
796 2039 925 2123 postulo
948 2039 1087 2122 nequid
1139 2040 1204 2100 7¹³¹·
1231 2040 1320 2115 1556,
1349 2038 1480 2103 iamiam
1511 2039 1772 2117 oonoiouaturus,
1800 2060 1900 2121 quum
1928 2039 2025 2122 paulo
2047 2061 2105 2103 an-

110 2127 247 2191 omnino
279 2136 444 2192 statuatur
476 2127 546 2192 sine
577 2127 680 2208 ipsius
713 2127 754 2191 D.
784 2148 805 2191 a
835 2126 937 2190 Looeo
958 2124 1085 2204 iudieio,
1138 2130 1192 2188 tea
1218 2123 1451 2190 intellexissem
1479 2144 1540 2190 vos
1577 2125 1638 2190 sub
1667 2125 1781 2189 horam
1801 2128 1855 2189 2⁸⁰¹
1878 2134 1936 2190 aut
1958 2129 2013 2188 3¹¹n
2034 2145 2111 2190 oon·

110 2211 261 2294 nihilque
295 2212 374 2278 adeo
403 2213 636 2295 pronuntietur
676 2213 796 2295 absque
829 2208 975 2276 eiusdem
1007 2211 1085 2276 sub·

109 2297 299 2381 seriptione.
923 2369 927 2373 ἢ

199 2383 339 2466 Insuper
368 2403 447 2467 rogo
475 2395 508 2449 et
529 2383 671 2461 obseero,
690 2382 775 2465 quod
797 2382 879 2446 mihi
902 2380 985 2446 bona
1006 2403 1085 2464 paee

110 2477 227 2534 vestra
254 2469 357 2548 lioeat,
387 2484 423 2533 ut
444 2469 600 2550 cogitetis,
623 2468 677 2533 hio
698 2488 805 2549 neque
827 2490 867 2533 ex
890 2467 1085 2533 oonieeturis
1133 2501 1136 2507 ›

107 2575 219 2637 neque
247 2576 289 2619 ex
317 2555 555 2638 suspitionibus
584 2565 642 2619 ant
664 2552 849 2619 rumoribus
872 2550 1085 2619 statuendum

109 2638 299 2724 quidquam,
321 2661 423 2722 quum
445 2662 486 2705 ne
508 2640 544 2704 in
566 2639 638 2705 aliis
660 2639 791 2722 quidem
812 2639 988 2704 levioribus
1011 2658 1084 2703 eau-

108 2727 160 2792 sis
182 2727 228 2790 ita
249 2727 349 2790 statui
371 2734 458 2791 reote
475 2725 596 2808 aliquid
608 2725 718 2810 possit.
751 2724 836 2789 Nam
858 2722 892 2788 id
915 2724 1084 2808 vosprobe

106 2812 302 2878 meminisse
329 2833 366 2877 ae
399 2820 510 2876 tenere
540 2811 650 2876 nullus
675 2810 795 2888 dubito,
818 2831 901 2892 quae
920 2818 952 2873 et
972 2810 1084 2891 quales

108 2918 297 2981 quanquam
319 2894 486 2962 evidentes
504 2896 707 2979 probationes
728 2897 936 2978 requirantur
953 2895 989 2959 in
1010 2916 1085 2960 oau-

109 2985 159 3050 sis
185 2982 378 3068 ospitalibus
409 2982 552 3066 (qualem
576 2982 661 3049 hano
678 3001 759 3059 esse,
783 2980 869 3064 quod
892 3001 945 3046 me
967 2981 1085 3046 attinet

109 3078 211 3151 atque
240 3069 413 3152 Aequatini
441 3068 603 3134 aeousatio
631 3065 718 3150 apud
743 3067 973 3150 magistratum
996 3065 1085 3145 tulit,

109 3164 195 3240 puto
214 3163 247 3219 et
267 3151 389 3232 indiae)
411 3162 450 3219 ut
470 3174 546 3219 reus
566 3151 777 3219 condemnari
798 3153 909 3236 possit.

201 3241 350 3323 Denique
372 3239 454 3304 illud
477 3240 575 3304 etiam
597 3238 695 3304 Pauli
716 3238 893 3322 diligenter
915 3237 1002 3321 apud
1024 3257 1085 3303 vos

111 3325 316 3411 perpendite,
349 3346 415 3390 non
442 3333 565 3390 temere
594 3325 751 3390 adversus
778 3323 1005 3407 presbyterum
1032 3322 1085 3388 ad·

109 3410 294 3478 mittendas
315 3411 544 3491 aoeusationes,
574 3410 653 3475 odeo
675 3410 769 3493 quod,
791 3410 942 3493 quamvis
963 3410 1087 3474 laetum

111 3496 250 3581 aliquod
276 3498 450 3581 probatum
473 3505 559 3562 esset
578 3517 677 3580 snpra
699 3517 830 3560 omnem
851 3495 1085 3578 exceptionem,

110 3592 226 3648 tamen
268 3583 333 3648 nisi
370 3583 495 3648 erimen
528 3583 572 3647 sit
609 3580 675 3645 tale
703 3580 743 3646 de
780 3601 842 3664 quo
875 3581 1088 3664 magistratus

110 3689 237 3754 poenas
258 3689 388 3735 sumere
399 3666 524 3747 debeat,
547 3689 613 3733 non
635 3686 707 3733 esse
725 3666 765 3732 de
787 3667 967 3731 ministerio
985 3667 1086 3732 eoele-

110 3755 186 3822 siae
213 3754 333 3837 aliquid
363 3754 494 3820 sinistre
516 3751 734 3820 iudieandum.
779 3750 875 3832 Quod
897 3753 926 3816 si
942 3772 1088 3835 unquam

111 3839 207 3918 alias,
231 3841 292 3905 hoe
309 3849 396 3905 oerte
408 3849 554 3924 tempore
571 3839 716 3903 maxime
726 3834 974 3922 providendum,
987 3858 1087 3920 quum

110 3927 227 3992 neseio
256 3924 334 4008 quid
355 3926 506 3992 homines
534 3925 622 4008 passi
644 3924 680 3988 in
700 3922 853 3988 omnibns
870 3922 1014 3989 eoelesiis
1036 3923 1088 3987 ni-

110 4012 166 4079 hil
195 4009 283 4076 aliud
311 4016 465 4096 satagant
492 4031 590 4096 quam
618 4009 845 4075 eriminatioue
863 4009 1088 4074 ministrorum

110 4108 151 4164 et
179 4097 397 4163 ministerium
421 4097 581 4162 infamare
608 4103 642 4161 et
665 4095 765 4162 verbo
793 4094 856 4160 Dei
878 4113 971 4160 suam
993 4114 1087 4159 reve-

110 4184 257 4250 rentiam
280 4182 431 4248 adimere.

112 4319 116 4324 .
203 4270 248 4334 llt
269 4269 421 4353 quoniam
443 4266 540 4333 hodie
561 4266 711 4332 intellexi
732 4265 890 4351 quosdam
914 4273 1013 4332 testes
1034 4265 1089 4330 ad-

111 4355 280 4420 versarios
309 4353 409 4438 (qnod
436 4353 531 4437 quale
557 4354 601 4419 sit
628 4353 720 4419 vobis
748 4352 961 4419 iudicandum
988 4351 1088 4417 reliu-

110 4453 195 4526 quo)
223 4449 372 4524 satagere
405 4439 491 4522 apud
521 4438 650 4522 plebem
682 4447 720 4504 ut
747 4437 873 4521 publioe
896 4436 957 4503 sibi
979 4440 1089 4502 omnia

1137 2216 1303 2274 venturos.

1405 2346 1562 2411 Vestrum
1591 2347 2066 2424 omniumobservantissimns

1560 2430 1766 2497 Valeraudns
1789 2433 1953 2498 Pollanns.

1520 2742 1727 2755 aun—n—

1570 2976 1672 3047 2587.

1431 3113 1819 3197 Paeone-vaauen

1246 3232 1286 3298 de
1308 3233 1580 3318 l’interrogatoire
1608 3231 1808 3316 d’Augustin
1830 3230 1995 3316 Legi-and.

1222 3405 1348 3486 Affoire
1368 3403 1406 3470 de
1433 3402 1591 3470 Volerond
1613 3402 1763 3470 Patrae
1790 3402 1811 3468 ὰ
1834 3401 2011 3484 Fronefort.

1138 3573 1325 3644 (Autographe
1351 3573 1385 3626 de
1412 3573 1513 3627 Oalvin·
1535 3574 1571 3626 du
1598 3573 1654 3626 MS.
1681 3573 1716 3626 de
1742 3572 1832 3627 (lotha
1857 3570 1916 3638 lot
1942 3572 1988 3625 fol.
2005 3569 2049 3626 bl.
2076 3601 2108 3612 -

1137 3642 1349 3697 Bretsehneider
1375 3658 1437 3711 pag.
1459 3640 1502 3695 73.
1544 3641 1682 3695 L’e'uiteur
1708 3641 1774 3696 ohez
1801 3641 1890 3709 lequel
1912 3643 1939 3694 le
1965 3646 2041 3694 texte
2066 3646 2110 3696 est

1137 3711 1433 3765 tres-ineensotement
1454 3711 1585 3780 imprime,
1610 3728 1644 3763 au
1670 3712 1748 3778 point
1765 3726 1818 3830 que
1835 3726 1903 3764 nens
1920 3710 2022 3763 darona
2040 3725 2109 3763 nous

1138 3782 1238 3834 berner
1260 3779 1277 3832 a
1301 3780 1420 3848 signaler
1443 3796 1478 3833 un
1502 3780 1573 3848 petit
1589 3781 1702 3834 nombre
1719 3778 1753 3831 de
1781 3784 1858 3831 antes
1876 3778 1893 3831 a
1909 3780 1975 3831 titre
1992 3777 2109 3831 d'exem·

1157 3851 1207 3913 les,
1231 3866 1265 3902 ue
1308 3853 1379 3901 arsit
1400 3863 1450 3917 pas
1472 3847 1549 3901 avoir
1565 3864 1597 3900 su
1619 3846 1718 3915 aquei
1739 3863 1768 3899 se
1785 3852 1915 3916 rapporte
1934 3850 2006 3901 cette
2023 3843 2109 3915 pi‘eoe.

1138 3867 1163 3972 ll
1193 3918 1247 3971 dit:
1322 3923 1332 3971 t
1359 3915 1543 3984 protervum,
1565 3921 1718 3982 alemant,
1792 3916 1880 3980 'taos
1897 3920 1929 3969 at
1945 3914 2061 3981 eidam,
2078 3915 2110 3968 ln

1138 3989 1196 4042 loeo
1219 3985 1319 4040 ludicii
1339 3986 1370 4039 ιἰι
1386 4000 1418 4038 re
1433 3999 1528 4061 ωναιιι
1540 3985 1709 4052 presbyterio
1725 3930 1921 4039 munos
1937 3981 2113 4051 muudum

1138 4062 1211 4111 oeta
1245 4055 1271 4109 11
1292 4059 1336 4107 est
1358 4053 1492 4107 d’aillenrs
1516 4053 1627 4106 evident
1645 4069 1698 4122 qne
1716 4069 1746 4106 ee
1766 4051 1908 4106 desumant
1925 4067 1960 4105 na
1997 4057 2043 4104 eut
2080 4067 2112 4103 as

1139 4125 1216 4178 avoir
1232 4123 1276 4178 ete
1293 4124 1319 4177 le
1342 4122 1400 4176 seul
1421 4122 1455 4175 de
1474 4137 1523 4175 eon
1540 4120 1644 4191 aspere,
1662 4121 1819 4201 dane'oette
1836 4120 1937 4201 altoire.
1973 4068 2025 4174 lies
2043 4067 2110 4172 ohs-

1139 4192 1194 4247 lres
1211 4208 1240 4246 se
1257 4195 1419 4312 rapportent
1435 4189 1452 4243 ὁ
1469 4207 1505 4242 nn
1523 4196 1583 4243 aeto
1600 4190 1791 4252 dearmatum
1808 4205 1843 4242 ou
1860 4206 1877 4241 a
1894 4187 2010 4257 quelque
2028 4186 2110 4241 ohoee

1321 4276 1336 4312 e

1353 4259 1454 4328 pareil;
1472 4273 1554 4328 voyea
1573 4259 1644 4313 aussi
1662 4259 1690 4311 la
1706 4257 1782 4327 pisae
1800 4257 1947 4320 suivante.)

1230 4436 1255 4495 l.
1279 4428 1489 4496 Snslexouse
1510 4450 1573 4513 que
1594 4429 1625 4496 le
1646 4428 1886 4494 laiotattonehe
1907 4425 1956 4493 les
1977 4426 2113 4492 anoiens

107 4525 261 4627 praelegi
284 4525 436 4626 postulet,
465 4542 526 4609 ego
554 4532 642 4591 eerte
671 4545 736 4589 non
758 4544 883 4603 reonso,
905 4523 972 4588 imo
989 4524 1089 4589 etiam
1140 4517 1182 4582 A.
1206 4514 1346 4600 respond
1374 4516 1444 4600 qnil
1477 4522 1551 4582 nest
1583 4521 1663 4580 tenu
1686 4512 1839 4581 daoouser
1856 4512 1905 4579 les
1928 4512 2070 4591 anoiens,
2085 4515 2109 4590 ¹)

108 4620 204 4696 opto,
233 4634 262 4677 ιι
288 4610 322 4676 id
351 4632 427 4678 oum
456 4609 541 4676 bona
568 4617 679 4677 vestra
707 4609 855 4675 omnium
875 4630 955 4693 paoe
976 4617 1088 4692 postu·

106 4698 187 4764 lare
208 4698 312 4775 liceat,
335 4697 432 4763 modo
453 4695 495 4761 ad
519 4695 649 4781 singula
666 4696 880 4762 aoousationis
902 4695 1009 4778 oapita
1026 4694 1090 4759 im-

105 4782 258 4851 mediate
291 4782 504 4850 subiiciuntur
539 4803 612 4846 mea
642 4802 684 4863 qu
726 4801 768 4846 ne
800 4801 966 4864 respousa.
1016 4780 1089 4844 Imo

106 4890 174 4935 vos
197 4870 315 4935 obnixe
337 4889 393 4933 oro
415 4877 462 4947 ut,
486 4867 513 4932 si
538 4866 622 4931 nihil
645 4867 710 4932 aliu
733 4917 741 4945 ,
765 4865 879 4931 saltem
902 4865 1090 4950 praelegan-

219 5228 250 5295 2)
271 5227 314 5295 Os.
330 5228 407 5294 infra
425 5228 576 5284 Hotomom'
591 5226 731 5296 spiatolam
744 5226 870 5296 proxim
886 5229 1044 5294 mmm·

169 5364 173 5372 .
221 5312 332 5368 Οαιυιιιι·
346 5329 437 5383 opera.
477 5313 534 5368 Vol.
553 5311 582 5366 X
588 5311 636 5368 Vl.

1241 4807 1271 4873 3)
1294 4804 1363 4876 Quia
1379 4806 1424 4862 laic
1438 4806 1524 4871 faerit
1542 4811 1567 4860 et
1584 4820 1636 4875 quo
1656 4810 1739 4873 poete
1756 4803 1931 4857 intervenerit
1946 4818 2003 4858 ιιοιι
2020 4802 2111 4872 ltqrset.

1146 4877 1213 4933 Vide
1229 4883 1319 4931 tenue
1336 4874 1391 4929 duo
1408 4875 1548 4944 aequm
1564 4873 1725 4929 desumto
1741 4872 1780 4927 ad
1796 4874 1821 4937 9.
1838 4869 1882 4926 28.

1240 4944 1273 5012 4)
1289 4959 1364 4998 aune
1382 4942 1540 4998 emicunt

1240 5013 1272 5079 b)
1290 5015 1337 5066 Aa
1361 5009 1516 5066 lhamellla'?

1139 5081 1271 5143 25811)
1287 5084 1381 5151 pomi
1396 5080 1508 5150 lapids
1524 5080 1547 5135 il
1592 5080 1668 5134 aaa&
1685 5079 1891 5146 deopertum
1907 5081 1934 5131 et
1949 5072 1998 5131 dea
2013 5075 2112 5131 adea·

1138 5155 1227 5208 aaires
1253 5151 1286 5207 de
1312 5149 1447 5214 Ροιιιιαιιι,
1474 5163 1517 5206 ees
1608 5148 1662 5202 iera
1680 5148 1806 5202 estimant
1829 5161 1881 5200 sos
1905 5142 2018 5200 moion
2040 5142 2112 5198 irre'·

1136 5220 1247 5291 patiere
