4688 5910
272 296 335 356 719

271 479 307 544 in
329 500 447 544 manus
469 479 604 556 tradam,
627 502 708 564 quos
730 480 827 545 edam
841 483 954 564 possis,
977 482 1005 547 si
1026 482 1074 546 ita
1093 480 1233 560 libuerit,

272 565 307 630 in
328 563 481 630 iudicium
504 585 628 631 vocare.
662 567 825 664 Exspecto
841 567 940 650 igitur
957 567 1033 632 dum
1057 567 1119 632 hoc
1163 587 1234 631 rae-

272 659 346 727 stet,
368 656 400 714 et
425 670 500 714 eum
528 671 622 733 spero
651 649 803 734 hac1psa
827 650 1028 718 hebdomade
1056 651 1236 716 affuturum

273 743 309 799 ut
337 732 437 799 Vrreti
458 737 559 799 nostri
582 756 713 801 causam
738 744 918 820 componat.
961 736 1098 802 Interim
1120 756 1235 801 censeo

272 820 391 883 fratres
413 818 453 884 de
474 840 513 884 ea
534 841 569 885 re
591 821 784 887 monendos:
797 826 824 896 ⁵)
853 843 932 905 quos
954 822 1051 886 ctiam
1073 832 1234 905 optassem

273 905 339 969 iem
361 903 487 987 pridem
525 913 644 970 uatuor
659 906 845 972 civitatibus
857 906 979 992 gratias
993 908 1107 990 egisse.
1127 905 1235 971 vide·

273 999 328 1054 tur
349 997 457 1053 tamen
522 990 660 1056 huores
680 993 818 1076 integra,
840 993 868 1057 si
890 1013 924 1056 ee
947 992 1056 1057 dicant
1077 991 1110 1056 id
1132 993 1236 1058 iacere

274 1073 437 1140 distulisse
458 1077 625 1158 tantisper,
648 1074 725 1141 dum
746 1079 818 1161 quis
839 1086 925 1142 esset
948 1077 1078 1142 futurus
1100 1086 1237 1143 eventus

274 1160 511 1242 experirentur.
560 1160 602 1225 In
636 1161 738 1227 literis
777 1171 887 1227 autem
927 1183 1007 1246 quae
1035 1162 1076 1227 ad
1109 1170 1236 1227 nostros

274 1244 456 1310 scribentur
489 1255 643 1328 poterunt
679 1249 777 1312 etiam
812 1247 940 1327 addere,
975 1269 1010 1313 se
1037 1248 1236 1313 intellexisse

274 1329 394 1412 aliquid
415 1328 455 1395 do
472 1330 530 1395 illa
550 1331 722 1410 calumnia,
741 1342 773 1397 et
795 1355 833 1398 ea
849 1333 960 1398 omnia
981 1334 1136 1399 subiicere
1154 1354 1236 1416 quae

274 1424 307 1479 et
332 1436 409 1480 vera
433 1425 512 1480 sunt
537 1426 570 1480 et
591 1418 733 1483 maxime
761 1417 877 1483 idonea
900 1418 1102 1484 ridebuntur.
1148 1417 1235 1484 Ocu·

273 1520 343 1566 sam
372 1510 480 1565 autem
507 1501 541 1565 in
564 1523 682 1586 genere
711 1504 757 1567 ita
778 1502 937 1588 agendam
959 1525 1081 1580 censeo,
1110 1513 1147 1568 ut
1167 1524 1236 1568 sese
1311 1553 1318 1566 .

274 1583 409 1652 candide
436 1606 473 1651 ae
498 1586 688 1670 simpliciter
712 1598 853 1673 purgent
886 1590 1112 1673 potiusquam
1133 1589 1237 1653 ullum

274 1679 434 1736 accusent.
479 1672 529 1736 De
565 1672 697 1756 reliquie
728 1684 836 1738 autem
869 1674 1039 1740 consilium
1073 1675 1237 1757 capiemus

275 1756 332 1821 nbi
354 1777 412 1821 suo
447 1757 604 1837 promisso
632 1759 822 1824 satisfecerit
851 1757 1015 1843 Stea'perue.
1059 1759 1236 1825 Caeterum

276 1840 408 1924 quidam
435 1842 492 1923 qui
524 1841 577 1908 hie
606 1845 692 1925 apud
714 1866 774 1910 nos
796 1854 854 1922 est,
883 1845 1036 1910 iratribus
1057 1867 1123 1908 non
1145 1846 1236 1929 igno-

276 1939 338 2002 tus,
360 1947 433 1991 mec
454 1928 585 1992 hortatu
611 1930 742 2011 scripsit
763 1929 804 1995 ad
819 1930 936 1996 fratres
955 1931 995 1995 de
1016 1930 1078 1995 hoc
1099 1929 1236 2013 negotio.

276 2012 327 2076 ιιι
349 2012 478 2095 poteris,
501 2013 572 2095 ipsc
590 2035 654 2078 non
667 2015 904 2092 invito,literas
926 2016 1091 2100 resignare
1114 2025 1147 2080 et
1164 2024 1236 2080 tuas

276 2096 422 2174 adiicere,
461 2100 488 2163 si
522 2100 580 2163 tibi
617 2099 820 2164 commodum
851 2099 1020 2166 videbitur.
1052 2099 1120 2165 Our
1150 2122 1236 2178 vero,

276 2181 370 2260 dicos,
405 2193 440 2246 tu
472 2186 540 2265 ipse
572 2205 638 2248 non
670 2185 805 2251 scribis?
860 2186 1018 2265 Primum,
1052 2207 1093 2250 ne
1127 2185 1238 2251 videar

275 2269 381 2333 oleum
420 2267 582 2334 addidisse
621 2269 779 2336 incendic.
833 2270 973 2336 Deinde·
991 2270 1094 2336 multo
1133 2271 1238 2354 magis

276 2355 352 2437 quia
373 2351 467 2418 rideo
487 2375 539 2419 me
557 2355 628 2419 istis
639 2355 743 2438 magis
765 2377 802 2421 ac
824 2357 928 2439 magis
939 2364 1124 2438 suspectum
1136 2360 1237 2432 essel)

276 2440 331 2522 qni
351 2458 409 2503 mc
426 2459 467 2502 ex
488 2440 619 2522 ingenio
641 2461 699 2504 suo
716 2441 903 2520 metiuntur,
926 2441 1019 2524 quasi
1041 2442 1149 2507 nescio
1160 2440 1236 2523 quid

275 2524 472 2591 celebritatis
504 2533 560 2589 aut
589 2525 752 2606 potentiae
772 2546 933 2608 quaeram.
978 2527 1091 2608 Neque
1112 2547 1164 2591 me
1186 2534 1235 2590 ta·

275 2629 351 2674 men
380 2611 461 2673 istae
482 2610 662 2675 calumniae
693 2610 887 2694 impedirent
916 2634 936 2676 a
964 2610 1143 2691 scribendo,
1172 2611 1236 2676 nisi

276 2702 426 2777 putarem
452 2695 516 2760 ista
547 2693 746 2764 commodius
778 2696 817 2761 ab
840 2697 920 2776 aliis,
944 2718 980 2763 ac
1002 2697 1195 2780 praesertim
1216 2716 1236 2760 a

277 2791 309 2843 te
332 2779 400 2855 (cui
420 2778 564 2863 alioquin
586 2779 795 2860 libentissime
812 2788 992 2864 parcerem)
1014 2782 1234 2847 administrari

277 2885 380 2947 9⁰⁵⁸&
598 2890 602 2899 '

361 2949 413 3015 De
441 2952 536 3017 rebus
558 2953 687 3017 nostris.
738 2952 878 3018 Veretum
899 2961 1045 3019 nostrum
1067 2975 1160 3037 spero
1180 2956 1235 3019 fir·

276 3057 367 3101 mum
394 3037 470 3113 lore,
508 3039 698 3117 praesertim
729 3041 756 3104 si
790 3061 864 3104 cum
897 3041 1107 3106 confirmaris.
1161 3039 1236 3104 Non

277 3122 384 3205 agitur
405 3131 515 3186 autem
535 3122 575 3187 de
597 3124 889 3190 haccontrouersia
909 3125 1076 3205 duntaxat,
1099 3124 1155 3190 sed
1172 3146 1236 3206 quo

277 3218 370 3291 pacto
391 3206 514 3289 possint
535 3208 571 3272 in
591 3208 652 3273 hoc
674 3230 784 3274 rerum
806 3218 892 3275 statu
914 3218 1117 3276 sacramenta
1137 3209 1238 3274 admi-

277 3292 419 3369 nistrari,
442 3292 498 3357 ubi
515 3315 580 3358 non
597 3295 691 3360 modo
709 3295 820 3361 nullus
841 3304 892 3360 est
912 3295 1001 3375 ordo,
1014 3298 1039 3377 7)
1062 3295 1119 3360 sed
1137 3297 1238 3361 etiam

277 3401 439 3444 summum
477 3379 600 3444 ordinis
639 3379 758 3445 odium.
802 3381 895 3445 Bene
930 3382 1012 3460 vele,
1040 3381 1087 3445 mi
1118 3383 1238 3464 optimc

277 3474 377 3546 pater.
419 3463 581 3532 Dominus
603 3464 697 3531 Iesus
718 3474 750 3530 tc
777 3466 971 3531 incolumem
993 3473 1111 3531 servet
1155 3466 1238 3531 Nos·

279 3557 346 3614 tros
367 3551 460 3632 cupio
489 3571 529 3614 ex
556 3572 609 3616 me
635 3552 777 3617 salutari.
821 3551 920 3617 Laus.
948 3551 1051 3634 pridie
1080 3550 1239 3616 (islandus

278 3633 476 3700 Decembris.

946 3756 1035 3820 duas
1057 3756 1152 3821 Bene

714 4262 811 4332 2769.

331 4416 577 4483 PRINCIPES
600 4416 816 4483 GERMANI
837 4418 1043 4485 HENRIOO
1066 4420 1190 4486 REGI.

365 4587 627 4668 Intercedarrtpro
642 4588 712 4671 piis
732 4589 767 4653 ia
782 4588 888 4653 Gallio
898 4590 1061 4658 omdeiiter
1074 4593 1201 4658 veruo.
1217 4592 1240 4677 ¹)

380 4773 410 4836 5)
427 4780 538 4843 propter
554 4774 713 4841 legationem
730 4775 919 4830 Pcrieiencem.

380 4840 409 4901 bi
429 4847 484 4895 tun
505 4848 616 4909 propter
637 4844 841 4898 immoderatam
861 4847 892 4898 ie
909 4845 1078 4900 vindmia
1093 4845 1241 4914 praedati-

278 4911 395 5044 mm
406 4911 491 5046 em
498 4918 708 5045 {emptorum
725 4914 838 4966 iterem
854 4914 999 4982 lepatmnee
1016 4913 1047 4968 iu
1057 4913 1241 4968 Gmtaaiem.

1014 293 1273 362 EPIS'POLAE
1296 294 1508 357 arcs-2770

2192 292 2251 356 720

1458 448 1513 549 pho
1531 477 1599 531 Bibl.
1618 476 1718 532 Gener.
1740 471 1830 533 lmcic'.
1848 479 2071 534 documentorum
2091 475 2141 533 19⁷
2158 497 2198 532 ιι
2216 478 2249 535 ιι.

1431 547 1525 615 sepius
1552 546 1626 600 edita
1651 552 1707 601 eet:
1732 548 1761 600 in
1789 547 1909 616 corpore
1926 548 1987 605 Bel.
2005 545 2131 603 ΙΧ.’883
2147 555 2177 601 ct
2193 549 2251 602 aliie

1622 615 1701 669 libris
1718 616 1757 669 ibi
1774 616 1911 681 laudatio)

1283 479 1385 602 53¹3.

1369 783 1405 851 S.
1428 784 1470 848 D.
1501 784 1640 872 Inclyte,
1669 784 1892 868 potentissime
1919 798 1952 853 et
1980 787 2251 853 christianissime

1284 871 1359 936 Rex
1388 882 1421 934 et
1454 870 1590 935 Domine
1622 871 1881 938 clementissime.
1929 871 2036 937 Multa
2067 879 2102 937 et
2133 893 2251 956 magna

1285 956 1444 1022 beneficia
1464 969 1497 1020 et
1517 977 1596 1021 vere
1623 959 1714 1040 regia
1745 959 1858 1021 multis
1878 957 2024 1034 saeculis,
2047 978 2151 1040 quum
2173 958 2252 1023 aliae

1284 1052 1396 1125 partes
1418 1042 1571 1123 Europae
1593 1043 1633 1107 ab
1657 1043 1789 1124 inclytis
1811 1043 1969 1108 Franciae
1992 1043 2141 1126 Regibus
2163 1063 2252 1108 acoe-

1285 1140 1414 1210 perunt,
1441 1138 1513 1191 tum
1540 1148 1619 1192 vero
1653 1128 1823 1209 praecipue
1851 1127 2040 1193 Germanici
2072 1128 2252 1210 Principes,

1286 1222 1320 1276 et
1341 1212 1427 1296 grati
1453 1213 1662 1277 meminimus
1691 1222 1800 1295 patres
1828 1226 1957 1278 nostrus
1989 1215 2111 1278 eximia
2133 1213 2251 1278 benefi-

1286 1297 1395 1362 centia
1405 1300 1565 1361 maiorum
1579 1298 1701 1381 Regiae
1713 1297 1881 1380 dignitatis
1891 1307 2028 1377 vestrae,
2043 1310 2078 1362 et
2091 1319 2153 1363 nos
2167 1300 2250 1380 ipsos

1286 1403 1399 1448 recens
1421 1405 1440 1447 a
1461 1383 1568 1465 Regia
1580 1383 1737 1466 dignitate
1754 1391 1864 1448 vestra
1881 1384 2029 1449 defensos
2051 1403 2139 1449 esse:
2161 1405 2250 1466 prop

1287 1478 1338 1532 ter
1359 1488 1441 1550 quac
1463 1467 1620 1533 beneficia
1641 1479 1674 1533 et
1686 1466 1803 1533 debere
1823 1490 1882 1534 nos
1903 1478 2092 1553 perpetuam
2100 1485 2107 1531 ⁴.
2115 1470 2249 1553 gratitu-

1288 1552 1398 1618 drnem
1419 1553 1618 1636 profitemur,
1640 1565 1672 1618 et
1692 1554 1833 1636 gratiam
1861 1555 1985 1639 Regiae
2007 1554 2164 1638 dignitati
2180 1575 2249 1620 ves·

1288 1648 1358 1703 trae
1380 1639 1547 1703 habemus.
1581 1639 1676 1704 Nunc
1697 1660 1821 1721 quoque
1844 1639 1917 1704 freti
1938 1638 2167 1705 benevolentia
2188 1639 2249 1704 Re

1288 1724 1361 1806 giac
1387 1723 1558 1808 dignitatis
1591 1732 1718 1788 vestrae
1748 1746 1827 1808 erga
1856 1746 1922 1800 nos,
1950 1745 2063 1790 sumus
2091 1723 2251 1808 supplices

1287 1809 1411 1892 Regiae
1440 1808 1608 1892 dignitatis
1642 1818 1769 1874 vestrae
1801 1831 1859 1892 pro
1890 1811 1967 1888 suis,
1996 1831 2062 1874 non
2086 1818 2123 1875 ut
2145 1810 2251 1893 Regni

1288 1895 1370 1959 tanti
1391 1894 1534 1960 consiliis
1556 1915 1615 1959 nos
1633 1896 1828 1978 ingeramus,
1851 1894 1907 1959 sed
1929 1896 2005 1977 quia
2026 1896 2251 1960 etmisericor·

1288 1979 1342 2044 dia
1370 1978 1541 2044 adficimur
1568 1981 1603 2042 iu
1630 1988 1722 2044 tanta
1750 1980 1932 2045 calanntate
1954 1989 2149 2056 vestrorum,
2172 1982 2251 2045 sicut

1286 2067 1443 2146 scriptum
1466 2074 1530 2130 est:
1554 2065 1677 2130 Beatus
1691 2066 1746 2147 qui
1768 2065 1922 2148 intelligit
1943 2085 2050 2147 super‘
2063 2087 2205 2150 egenum
2221 2074 2253 2128 et

1286 2170 1472 2232 pauperem,
1498 2151 1532 2213 in
1561 2148 1613 2214 die
1643 2150 1728 2215 mala
1750 2148 1900 2217 liberabit
1914 2172 1994 2215 eum
2019 2151 2196 2215 Dominus:
2221 2159 2252 2214 et

1286 2236 1373 2299 inter
1404 2234 1526 2318 Regias
1559 2237 1699 2300 virtutes
1733 2244 1856 2300 vestras
1890 2237 2084 2308 bonitatem,
2114 2237 2252 2300 clemen-

1288 2322 1368 2384 tiam
1390 2329 1424 2383 et
1445 2321 1699 2386 misericordiam
1721 2343 1800 2403 erga
1821 2320 1968 2387 homines
1990 2321 2163 2396 modestos,
2186 2340 2249 2384 non

1286 2404 1464 2554 {editiores
1486 2426 1551 2469 non
1573 2406 1757 2488 petulanter
1779 2406 2012 2488 delinquentes,
2023 2408 2169 2471 eminere
2187 2425 2251 2470 non

1311 2491 1481 2556 ubitamus.
2004 2538 2006 2543 ι

1371 2574 1589 2659 Intelligimus
1611 2576 1737 2658 aliquot
1766 2578 1888 2643 nobiles
1910 2586 2076 2642 matronas
2097 2585 2131 2641 et
2155 2576 2249 2658 virgi·

1286 2681 1356 2737 nes,
1389 2672 1423 2725 et
1443 2659 1523 2725 alios
1554 2659 1716 2727 modestos
1751 2662 1900 2728 homines
1931 2665 1965 2727 in
2000 2662 2141 2728 vinculis
2173 2681 2250 2737 csse,

1286 2755 1465 2894 propterea,
1487 2747 1571 2828 quod
1601 2749 1771 2813 conciones
1792 2769 1850 2814 seu
1871 2747 2077 2823 audiverunt,
2100 2769 2159 2812 seu
2181 2767 2250 2828 pro-

1309 2838 1374 2910 ant,
1404 2833 1436 2895 in
1466 2832 1584 2913 quibus
1618 2842 1773 2898 taxentur
1807 2833 1963 2916 quaedam
1999 2833 2250 2915 superstitiones,

1287 2938 1370 2998 quae
1396 2916 1599 2999 irrepserunt
1630 2919 1664 2981 in
1694 2919 1871 2995 ecclesiam,
1903 2929 1936 2983 et
1963 2917 2149 2985 cumulatae
2177 2928 2252 2983 suut

1288 3284 1368 3330 wat.
1405 3276 1490 3341 (Hier.
1509 3276 1569 3329 ecel.
1589 3275 1609 3327 1.
1630 3275 1677 3328 132
1694 3282 1718 3329 et
1736 3275 1776 3330 N.
1794 3274 1882 3340 2762.)
1917 3275 1979 3329 Hae
2001 3277 2058 3329 tuae
2075 3282 2140 3329 cunt
2161 3276 2252 3329 b'teroe

1288 3359 1439 3424 mumanae
1504 3344 1619 3424 'stupam
1678 3343 1854 3426 ,assecutum
1876 3346 1984 3397 mentae
2005 3344 2252 3424 cuMelcuebtbcae

1289 3428 1344 3535 ι’
1363 3418 1429 3534 ⁸⁰53.
1446 3481 1462 3533 ι.
1483 3427 1499 3534 ἴ.
1517 3411 2164 3561 ι”ιιιί,’ἒιι”ιι;“ιιιιῗιιιιέι“ἳιὲι
2177 3411 2252 3533 it.

1289 3549 1522 3617 rndertheniglich
1548 3548 1622 3601 nicht
1652 3549 1798 3603 vorhuldeu
1825 3548 1874 3602 das
1900 3549 1974 3602 dress
2003 3556 2066 3617 tage
2091 3548 2137 3601 dre
2163 3547 2251 3602 cnut

1289 3617 1439 3671 Pltluische
1457 3617 1512 3670 rud
1531 3617 1661 3671 Wirtenh.
1679 3617 1816 3671 Gesaudte
1834 3634 1883 3670 rus
1900 3634 1933 3669 ru
1950 3617 2007 3670 sich
2024 3616 2079 3670 rud
2093 3617 2155 3685 jreu
2170 3617 2252 3670 Theo

1290 3687 1359 3755 logis
1376 3686 1510 3739 erfordcrt
1526 3686 1561 3738 do
1579 3686 1617 3738 sie
1636 3687 1679 3738 ein
1696 3687 1837 3740 schreiben
1855 3703 1904 3738 vns
1922 3686 2010 3740 haben
2023 3687 2150 3738 vorlesen
2167 3685 2251 3737 luascu

1289 3770 1321 3807 so
1338 3755 1370 3807 ιι.
1389 3755 1418 3807 F.
1434 3755 1466 3808 G.
1484 3772 1517 3806 au
1531 3755 1575 3822 jrc
1592 3755 1706 3823 guedigc
1723 3755 1828 3809 Horren
1846 3751 1980 3835 gericlrtet
1996 3755 2072 3807 einer
2091 3754 2182 3807 rcrbit
2198 3754 2252 3805 hul·

1290 3825 1344 3876 ben
1361 3823 1404 3876 die
1421 3839 1471 3875 ror
1494 3823 1606 3876 eteliclre
1629 3824 1775 3892 geiangeue
1793 3823 1917 3876 Ohrrsten
1935 3824 1970 3875 be
2006 3823 2055 3876 der
2072 3823 2136 3875 ιιι.
2155 3821 2252 3875 Wrirde

1290 3909 1324 3943 eu
1342 3891 1507 3944 Fraukreioh
1529 3907 1562 3943 uu
1585 3891 1652 3944 thun
1673 3893 1731 3944 sein
1754 3892 1823 3945 salte
1844 3892 1898 3944 rud
1920 3891 1968 3944 der
2004 3891 2092 3944 ueben
2171 3891 2253 3958 eucig

1290 3960 1340 4013 das
1353 3960 1397 4027 jre
1452 3959 1510 4012 .H.
1528 3976 1576 4013 vor
1598 3965 1647 4027 gut
1669 3959 1786 4013 auscheu
1807 3961 1856 4013 das
1877 3959 1966 4013 selcha
1984 3960 2075 4012 vorbit
2092 3958 2128 4011 du
2197 3960 2254 4012 cine

1291 4028 1395 4080 schrrfft
1413 3977 1533 4081 bbschcn
1550 4028 1648 4080 emur
1666 4031 1704 4080 sie
1726 4029 1794 4081 auch
1816 4028 1927 4082 bevelch
1948 4027 2043 4080 hatten
2059 4026 2207 4096 dieselbigc
2224 4027 2253 4095 ju

1291 4098 1384 4148 hester
1400 4096 1469 4148 lurm
1486 4113 1519 4148 uu
1536 4097 1570 4148 bc
1604 4096 1681 4149 eilicu
1699 4097 1753 4149 vnd
1771 4114 1803 4148 uu
1825 4097 1921 4150 stellen
1939 4096 1993 4148 rud
2010 4096 2099 4148 haben
2116 4095 2174 4148 sich
2192 4097 2253 4148 lete·

1291 4165 1346 4217 lich
1370 4164 1452 4217 dahin
1476 4171 1553 4218 entso
1582 4180 1661 4217 ossen
1686 4165 1734 4218 das
1756 4165 1830 4219 soleh
1856 4164 1976 4232 Ooncapt
1993 4165 2024 4216 D.
2043 4164 2113 4218 Phili
2133 4180 2185 4232 pus
2202 4163 2252 4216 rud

1291 4233 1420 4285 Brentiue
1442 4233 1539 4285 stellen
1557 4234 1651 4287 sollen.
1687 4233 1794 4287 Welohs
1815 4234 1882 4287 auch
1904 4232 2055 4286 bescheheu
2073 4181 2254 4353 rnsswerdeu

1291 4301 1319 4354 lr
1336 4299 1409 4352 Ohur
1431 4301 1485 4353 rud
1506 4302 1536 4356 F.
1559 4301 1588 4355 (ι.
1620 4301 1753 4370 dasaelbig
1779 4302 1810 4354 Il.
1834 4300 1865 4355 F.
1885 4302 1916 4355 G.
1940 4302 1979 4353 νῆ’
2006 4301 2055 4353 dus
2084 4301 2112 4354 fc
2147 4301 2253 4354 crliohst

1291 4368 1484 4421 rbersclrioken
1516 4370 1566 4422 mit
1591 4371 1717 4423 weiterer
1745 4371 1893 4439 snreigung
1918 4386 1973 4422 rras
2001 4370 2040 4423 sie
2069 4369 2187 4423 doruber
2211 4371 2252 4423 te

1292 4437 1413 4490 denckcn
1441 4437 1550 4490 werden
1576 4443 1623 4491 etc.
1658 4439 1783 4492 Wcrmbs
1806 4439 1832 4491 d.
1857 4437 1883 4494 3.
1900 4437 1967 4491 Nor.
1985 4436 2028 4490 57.
2045 4465 2079 4477 -··
2099 4438 2181 4492 Petet
2207 4438 2254 4492 bar

1290 4507 1386 4560 literar
1401 4507 1555 4574 princepum
1573 4522 1628 4559 nce
1645 4507 1851 4578 confundendus
1867 4522 1924 4560 esce
1941 4522 2000 4559 eura
2011 4507 2077 4559 aliia
2107 4522 2160 4560 ace
2176 4506 2254 4559 iide-

1291 4573 1329 4627 ad
1349 4573 1447 4642 Regem
1464 4575 1601 4638 manunt,
1620 4576 1741 4644 alueum
1759 4579 1827 4628 actis
1844 4575 1952 4638 amaea,
1971 4575 1997 4628 d
2016 4574 2056 4628 19.
2111 4582 2165 4629 ert
2183 4573 2253 4642 1558,

1291 4650 1322 4696 ut
1340 4643 1396 4696 cult
1414 4641 1490 4711 Solip
1509 4642 1555 4695 111.
1573 4641 1632 4705 323,
1650 4645 1699 4711 qui
1714 4645 1794 4696 etiem
1812 4646 1843 4696 in
1860 4643 2020 4777 eclallitr'er
2035 4643 2110 4711 guod
2128 4644 2193 4698 aller
2207 4658 2254 4712 per

1291 4712 1393 4778 legatae
1408 4709 1542 4764 mum
1556 4711 1754 4776 metrofanes
1771 4712 1844 4766 dicit.
1873 4710 2032 4776 C.Sott1er,
2053 4710 2149 4765 Gereb.
2166 4711 2255 4766 wera.

1292 4779 1335 4832 lv.
1358 4777 1412 4831 121.
1449 4778 1493 4833 De
1515 4780 1564 4833 silo
1585 4780 1673 4833 altero
1696 4780 1811 4848 epistola
1833 4797 1857 4834 c.
1875 4781 1956 4834 mom
1975 4779 2102 4849 Martyra
2124 4780 2146 4846 f.
2164 4779 2217 4833 480
2232 4797 2256 4833 u.

1292 4853 1317 4902 et
1330 4845 1442 4928 Orettet..
1456 4848 1545 4902 ebroe.
1564 4863 1592 4901 rr.
1603 4846 1645 4901 28.
1684 4847 1764 4929 Quod
1781 4848 1828 4902 illc
1844 4850 1923 4929 prior
1940 4848 2053 4930 epistola
2071 4854 2128 4929 terr
2145 4849 2256 4903 mouera

1290 4917 2256 5054 stultitamtitltttttt‘utmrtt

381 5044 410 5104 ἰι
429 5047 485 5102 coel.
511 5054 608 5115 cepeto
633 5048 793 5116 discipliuae
824 5051 913 5116 ripere
938 5065 1016 5118 paene
1041 5051 1089 5104 teti
1116 5054 1147 5103 (ιι
1172 5051 1243 5104 eote
1292 5058 1416 5122 aequente
1427 5052 1601 5107 Beacdeeuc
1617 5055 1713 5108 diceri
1729 5056 1906 5123 seocmepere
1923 5058 2032 5110 moetus
2048 5060 2097 5109 eu.
2119 5056 2157 5120 (o.
2171 5055 2257 5109 Beata

278 5115 575 5248 &delibratam
592 5184 686 5239 eaeor
701 5186 807 5251 prem
823 5187 970 5253 mas·
987 5186 1025 5240 aa
1042 5184 1140 5254 eea
1156 5188 1242 5255 ease

1293 5119 1566 5257 ὲῶιῗιιᾰωξαπιοιᾱ
1581 5119 1632 5174 234
1650 5128 1675 5175 et
1697 5121 1820 5176 ιικιαιιη·
1835 5127 1944 5180 nostae
1960 5123 2055 5192 copiae
2073 5138 2124 5179 eac
2142 5125 2200 5178 loeo
2216 5137 2257 5177 er·

1339 5208 1352 5242 d
1424 5229 1431 5243 .
