4754 5880
109 354 164 414 ,26
703 410 707 418 ,
953 352 1034 414 1656
1053 346 1285 415 ΕἘΒΒΠΑΒ.
2076 351 2118 414 26

125 538 250 603 tuisset.
290 537 356 603 Hie
377 560 437 621 ego
460 559 560 620 quum
583 548 728 604 nostram
749 537 894 619 inopiam
916 537 1096 619 coepissem
1146 560 1222 602 sea
1251 538 1443 621 quibusdam
1468 537 1674 602 amicissimis
1695 543 1848 604 vocatum
1871 558 1937 602 non
1956 537 2027 602 sine
2049 559 2118 603 ma·

126 623 303 707 deplorare,
327 632 361 687 et
388 625 539 706 conqueri
572 635 640 688 tam
662 623 863 706 praeclaram
892 625 1095 689 occasionem
1146 625 1235 688 ximo
1257 624 1390 688 illorum
1419 621 1538 687 damno
1569 645 1607 690 ae
1629 644 1688 688 suo
1710 625 1809 688 etiam
1832 625 1975 688 maximo
1992 623 2117 689 incom-

124 709 219 774 nobia
251 710 360 774 nescio
387 730 451 792 qua
479 709 624 774 socordia
653 710 804 792 praeripi,
826 728 924 790 quam
946 709 1095 773 futurum
1146 709 1243 773 modo
1264 729 1359 792 posse
1381 708 1466 774 hano
1487 709 1721 791 profectionem
1744 708 1809 773 illis
1838 709 2009 792 denegare.
2054 709 2119 776 Re-

125 803 211 860 esset
222 804 260 858 ut
274 793 447 876 aliquando
468 795 555 860 filius
567 793 632 860 Dei
647 796 739 860 nobis
756 794 969 876 exprobraret
985 813 1095 859 eoram
1145 793 1277 877 spondit
1291 793 1411 859 tanden
1434 794 1490 859 ille
1512 805 1550 859 ut
1572 794 1612 859 ad
1631 794 1718 859 diem
1740 794 1859 859 Lunae
1881 794 2022 859 adesset:
2046 804 2118 859 tum

125 879 251 964 angelis
284 882 359 957 suis,
393 900 431 944 eo
464 888 601 944 ventum
633 893 683 945 est
714 890 762 944 ut>
791 881 913 944 diceret
946 879 1097 945 Farellus
1145 880 1216 944 lore
1244 890 1283 944 ut
1310 880 1359 943 illi
1389 880 1590 945 voluntatem
1614 900 1708 944 suam
1730 881 1879 962 aperiret.
1920 879 1973 942 Ita
1994 879 2118 945 factum

125 963 322 1030 mittendum
344 985 415 1029 esse
437 966 546 1048 potius
562 965 724 1049 quendam
746 987 787 1031 ex
810 965 984 1044 veteranis,
995 966 1024 1046 ⁸)
1042 964 1095 1046 qui
1146 975 1183 1031 ut
1194 966 1355 1030 Neocomo
1373 987 1440 1030 non
1463 986 1596 1048 prorsus
1618 965 1698 1030 certi
1709 964 1954 1031 discesserimus
1971 963 2012 1028 de
2029 965 2118 1031 illius

125 1051 243 1117 saltem
276 1050 316 1114 ad
349 1062 479 1133 tempus
509 1051 569 1116 hoc
594 1072 677 1117 onus
705 1055 893 1129 sustineret,
927 1059 960 1115 et
985 1051 1095 1114 futuro
1146 1051 1352 1134 profectione.
1392 1049 1460 1116 Sed
1488 1060 1599 1115 tamen
1628 1051 1762 1115 omnino
1790 1051 1941 1133 promisit
1970 1049 2117 1118 Farellua

125 1138 305 1203 successori
327 1157 421 1219 quem
452 1135 543 1201 daret
571 1138 734 1202 Dominus
761 1137 972 1203 constitutam
995 1135 1095 1201 eccle·
1146 1159 1218 1203 curn
1249 1136 1331 1214 aliis,
1357 1138 1385 1200 si
1416 1136 1548 1203 Iacobus
1577 1137 1765 1200 missionem
1793 1158 1857 1200 non
1879 1136 2116 1218 impetraverit,

126 1224 208 1288 mam
242 1221 392 1287 auderet
438 1220 565 1287 Omitto
597 1223 692 1306 plura
724 1244 807 1306 quae
839 1223 943 1287 bonus
970 1222 1033 1285 iste
1063 1231 1096 1286 et
1146 1244 1181 1288 se
1203 1234 1313 1287 tamen
1335 1222 1789 1304 aliumessemissuros,qui
1813 1222 2003 1286 intertium
2026 1243 2118 1286 men-

127 1308 267 1373 eximius
293 1329 392 1374 senex
422 1308 457 1371 in
486 1329 556 1372 eam
575 1310 770 1373 sententiam
788 1308 834 1372 ita
856 1306 1008 1372 ardenter
1030 1306 1095 1371 dis·
1144 1330 1213 1373 sem
1232 1308 1453 1384 illiohaereat,
1476 1308 1637 1390 tantisper
1648 1306 1726 1372 dum
1748 1308 1801 1372 vel
1819 1307 1901 1371 alius
1923 1307 2018 1371 nobis
2039 1308 2117 1373 offe·

126 1393 238 1471 seruit,
261 1402 299 1458 ut
321 1393 490 1458 mirificam
513 1394 610 1475 plane
628 1416 669 1458 ex
687 1395 758 1460 eius
779 1414 929 1458 sermone
948 1392 1094 1458 consola·
1145 1405 1246 1470 ratur,
1281 1394 1333 1458 vel
1365 1394 1421 1458 ille
1452 1395 1540 1457 inter
1568 1414 1624 1458 eos
1645 1395 1700 1474 qui
1722 1392 1790 1459 illie
1812 1401 1890 1457 sunt
1911 1392 2117 1458 commodum

126 1479 249 1544 tionem
276 1480 425 1561 ceperim.
475 1477 562 1558 Quid
585 1479 714 1545 multa?
754 1480 831 1544 Non
852 1477 948 1544 modo
970 1478 1094 1543 assensi
1145 1500 1364 1545 successorem
1386 1480 1551 1562 repererit.

127 1584 248 1639 sumus,
272 1564 328 1629 sed
350 1565 448 1630 etiam
460 1566 648 1649 rogavimus
670 1573 708 1630 ut
728 1566 865 1631 alicuius
886 1584 1007 1628 nomen
1024 1563 1096 1627 ede·
1230 1566 1322 1631 Haeo
1355 1572 1405 1630 est
1436 1584 1564 1629 summa
1596 1584 1708 1628 eorum
1741 1584 1824 1647 quae
1854 1563 1921 1629 illic
1942 1571 2020 1629 sunt
2040 1584 2117 1629 con-

128 1660 185 1715 ret.
227 1649 351 1714 Habita
373 1648 488 1715 deinde
517 1652 671 1726 oratione,
702 1662 759 1717 aut
782 1672 851 1734 ego,
880 1651 995 1732 inquit,
1019 1649 1096 1713 illuc
1142 1653 1235 1717 fecta.
1270 1651 1366 1716 Nunc
1379 1652 1486 1732 accipe
1504 1672 1564 1715 cur
1575 1648 1718 1715 huncad
1735 1659 1767 1714 te
1788 1649 1984 1714 miserimus.
2014 1649 2116 1715 Recte

128 1735 281 1811 destinor,
301 1743 359 1800 aut
376 1736 402 1801 si
425 1735 516 1801 vobis
539 1736 652 1801 videor
672 1738 820 1818 iniquum
843 1736 1018 1818 postulare,
1040 1736 1096 1799 Ia·
1145 1736 1300 1802 monebas
1332 1746 1370 1800 ut
1401 1736 1490 1801 illinc
1521 1743 1610 1801 recta
1640 1737 1900 1818 proficisceretur
1930 1735 2117 1815 Brossaac,

128 1822 234 1887 cabum
243 1827 272 1895 ⁴)
294 1822 484 1885 ministrum
513 1820 762 1888 Bedriacenscm
792 1822 989 1887 mittendum
1019 1842 1094 1885 cen·
1146 1822 1202 1888 sed
1231 1844 1295 1886 non
1325 1822 1525 1903 adscripsisti
1548 1823 1618 1886 eius
1641 1842 1762 1885 nomen
1784 1842 1879 1903 quem
1902 1821 1969 1886 illic
1991 1821 2034 1886 sit
2051 1823 2117 1903 pri-

128 1928 190 1972 seo.
236 1905 302 1987 Qui
323 1906 413 1972 hunc
435 1918 554 1971 norant
571 1909 641 1972 cius
663 1908 857 1973 sententiam
881 1909 928 1971 ita
950 1927 1095 1990 compro-
1145 1929 1236 1973 mum
1265 1916 1497 1974 conventurus.
1542 1906 1625 1987 Quis
1655 1917 1762 1971 autem
1786 1905 1844 1970 ille
1870 1907 1913 1970 sit
1941 1905 2033 1971 facile
2055 1906 2118 1972 suit

128 1990 249 2057 barunt
269 2001 306 2056 ut
327 1990 414 2056 idem
437 2015 563 2074 quoque
585 1994 645 2058 sibi
667 1995 703 2057 in
718 2003 861 2058 mentem
880 1993 1009 2058 venisse
1031 2000 1095 2055 tes·
1146 1994 1227 2058 mihi
1257 1993 1413 2069 divinare,
1443 1993 1500 2056 sed
1530 1993 1647 2073 quibus
1672 1994 1707 2055 in
1738 1991 1870 2057 aedibus
1899 2002 2118 2058 commoretur

128 2085 283 2142 tarentur.
336 2078 482 2142 Mittitur
509 2079 604 2160 paulo
635 2087 710 2161 post
741 2081 795 2162 qui
827 2078 921 2143 illum
954 2087 1097 2144 accersat
1146 2101 1250 2161 neque
1278 2100 1317 2143 ex
1341 2098 1503 2161 quoquam
1525 2079 1580 2160 qui
1602 2078 1656 2143 hio
1678 2078 1721 2142 sit
1742 2079 1861 2143 rescire
1884 2099 1988 2160 neque
2009 2080 2115 2159 suspi-

129 2162 551 2246 omnimembrorum&
570 2164 701 2231 Placuit
722 2166 809 2230 enim
831 2164 944 2229 multis
966 2163 1006 2227 de
1024 2183 1097 2227 cau·
1144 2167 1212 2229 cari
1235 2165 1335 2247 potui.
1378 2163 1506 2227 Deinde
1528 2185 1629 2245 quum
1651 2163 1809 2228 emendus
1832 2165 1873 2226 sit
1896 2184 1999 2245 equus
2018 2162 2115 2227 fratri

128 2249 172 2314 ais
196 2248 285 2312 hunc
314 2270 441 2331 quoque
468 2250 572 2314 lucere
607 2251 710 2315 nostri
738 2250 866 2317 consilii
894 2251 1095 2333 participem.
1144 2251 1338 2334 profecturo,
1369 2261 1402 2315 et
1433 2258 1582 2332 sumptus
1612 2250 1710 2313 etiam
1744 2249 1861 2331 aliquis
1888 2247 2056 2314 faciendus
2077 2249 2114 2313 in

128 2333 238 2415 Quum
271 2335 414 2400 venisset
435 2334 566 2400 Iacobus
591 2345 625 2399 et
652 2358 723 2401 rem
750 2347 852 2401 totam
881 2336 1094 2419 cognovisset,
1146 2345 1279 2410 vestem,
1302 2356 1344 2399 ne
1364 2334 1495 2400 habitus
1512 2336 1583 2399 istis
1605 2334 1792 2419 regionibus
1814 2355 1917 2417 paene
1939 2334 2114 2416 peculiaris

128 2420 234 2503 coepit
251 2419 405 2502 conqueri
426 2421 512 2502 quod
535 2423 638 2504 magis
659 2422 798 2487 idoneus
820 2442 886 2486 non
909 2421 1094 2505 eligeretur.
1146 2422 1312 2487 hominem
1345 2420 1470 2504 prodat,
1498 2419 1589 2485 vides
1622 2420 1795 2503 pecuniam
1822 2420 1911 2484 illam
1935 2439 2001 2483 non
2019 2441 2114 2502 posse

129 2504 172 2570 Se
202 2505 334 2587 quidem
361 2505 467 2570 fassus
496 2514 554 2586 est,
584 2508 735 2589 quamvis
763 2529 805 2572 ex
833 2508 1002 2589 inopinato
1025 2527 1094 2571 rem
1146 2509 1226 2573 satis
1256 2507 1361 2573 faeere
1380 2526 1479 2589 quam
1501 2507 1618 2571 fratres
1639 2508 1809 2571 miseruut.
1855 2504 1922 2570 Sed
1944 2504 2021 2570 huic
2043 2507 2115 2588 qui-

127 2599 254 2655 tantam
283 2590 420 2668 audiret,
445 2602 553 2656 amen
584 2594 691 2658 nescio
719 2591 880 2676 quomodo
905 2593 994 2657 intus
1020 2612 1093 2674 per·
1146 2593 1220 2659 dem
1249 2591 1451 2658 incommodo
1480 2592 1574 2657 facile
1596 2592 1797 2656 medebimur
1819 2613 1860 2655 ex
1878 2592 2042 2656 communi
2064 2613 2117 2656 ae-

127 2676 215 2741 celli:
246 2697 347 2741 unum
377 2697 447 2742 csse
471 2699 534 2758 quo
563 2687 735 2763 cogeretur
756 2678 977 2744 assensionem
999 2677 1095 2742 susti·
1146 2679 1232 2743 rario
1254 2688 1313 2743 aut
1333 2678 1463 2761 privato
1481 2677 1578 2741 etiam
1601 2688 1743 2761 sumptu,
1767 2698 1862 2760 quem
1885 2677 1940 2740 ille
1962 2678 2118 2742 resarciat

127 2783 213 2840 nere,
243 2762 426 2845 propositae
444 2764 491 2828 rei
513 2763 782 2847 magnitudinem,
805 2765 859 2830 cui
879 2785 914 2828 se
934 2765 1093 2845 imparem
1145 2786 1244 2847 quum
1278 2764 1445 2829 Lutetiam
1486 2764 1683 2844 pervenerit
1738 2763 1864 2827 Verum
1904 2763 1995 2844 prius
2035 2762 2116 2827 illud

128 2869 197 2913 esse
224 2847 390 2926 fateretur,
420 2860 454 2912 et
481 2848 560 2914 alios
586 2849 709 2933 aliquot
736 2849 877 2932 collegas
899 2848 1091 2913 nominavit.
1146 2849 1304 2915 eiusmodi
1338 2857 1405 2927 est,
1432 2857 1469 2912 ut
1500 2869 1605 2931 neque
1633 2870 1693 2913 nos
1726 2848 1789 2913 hoe
1824 2847 1943 2912 rescire
1977 2848 2039 2912 nisi
2072 2870 2112 2913 ex

127 2933 265 3017 Rogatis
292 2954 406 2999 eorum
434 2936 490 3016 qui
518 2934 655 2999 aderant
683 2937 856 3000 sententiis
880 2935 1011 3000 Iacuere
1032 2935 1093 2997 ite-
1146 2937 1238 3001 vobis
1268 2935 1439 3018 possimus,
1473 2954 1579 3016 neque
1612 2933 1667 2998 ille
1702 2935 1793 3017 prius
1825 2933 1986 3016 proficisci
2017 2954 2116 3015 quam

128 3040 200 3083 rum
233 3019 296 3083 fuit
328 3021 549 3098 confirmatus,
583 3023 638 3103 qui
667 3021 798 3104 quidem
828 3020 909 3084 mihi
930 3022 1021 3085 visus
1043 3027 1095 3084 est
1145 3041 1336 3104 responsum
1360 3020 1530 3102 acceperit.
1575 3018 1686 3100 Quare
1709 3019 1783 3084 vide
1805 3031 1842 3082 ut
1863 3020 1967 3102 primo
1989 3039 2116 3102 quoque

129 3102 238 3170 divino
270 3105 368 3189 plane
395 3105 520 3188 impetu
548 3107 754 3184 commoveri,
786 3105 866 3171 adeo
887 3114 934 3185 ut,
957 3106 1020 3170 nisi
1041 3126 1095 3170 me
1146 3116 1292 3188 tempore
1325 3127 1382 3188 per
1414 3105 1502 3171 hunc
1531 3107 1698 3182 nuncium,
1728 3126 1823 3188 quem
1857 3104 1898 3169 ad
1927 3113 1961 3168 te
1988 3105 2118 3187 proprie

129 3192 325 3273 exspectatio
357 3190 458 3268 fallat,
493 3191 575 3255 nihil
609 3192 671 3256 nisi
701 3212 858 3276 magnum
881 3214 921 3257 ex
944 3200 1012 3254 tota
1032 3189 1095 3256 hae
1147 3192 1208 3258 hac
1230 3192 1270 3256 de
1292 3212 1392 3257 eausa
1408 3191 1566 3269 misimus,
1590 3191 1651 3257 hoe
1673 3193 1765 3257 nobis
1786 3190 1959 3273 significes,
1982 3199 2018 3253 ut
2034 3189 2119 3254 nibil

129 3277 252 3341 actione
274 3277 393 3358 possim
417 3277 564 3343 ominari.
600 3276 695 3357 Quod
718 3278 759 3343 ad
781 3278 938 3342 familiam
957 3277 1027 3341 eius
1046 3288 1095 3341 at·
1146 3279 1190 3344 sit
1212 3277 1297 3362 quod
1319 3277 1410 3341 illum
1433 3278 1535 3359 possit
1556 3278 1721 3342 remorari.

128 3362 217 3439 tinet,
241 3383 376 3427 uxorem
406 3362 503 3428 habet
524 3371 560 3427 ut
583 3365 674 3428 aiunt
694 3385 807 3428 omnes
830 3362 925 3429 valde
946 3363 1035 3445 piam
1057 3382 1095 3426 ac
1232 3364 1408 3428 Caeterum
1441 3361 1527 3444 quod
1559 3364 1594 3426 in
1627 3364 1799 3445 postremis
1832 3363 1896 3427 tuis
1929 3361 2034 3424 literis
2056 3359 2114 3425 ad·

127 3447 315 3526 modestam,
337 3455 375 3512 ut
397 3447 436 3512 de
464 3450 567 3532 ipsius
589 3450 754 3514 voluntate
776 3449 857 3513 nihil
879 3449 923 3513 sit
944 3448 1095 3513 dubitan-
1147 3450 1322 3531 scripseras
1349 3448 1388 3513 de
1417 3449 1507 3513 brevi
1531 3468 1688 3513 exarsura
1709 3446 1860 3513 incendio
1872 3448 1899 3532 ⁷)
1921 3447 1967 3511 ita
1989 3468 2049 3511 nos
2067 3454 2116 3510 te-

127 3531 215 3613 dum,
236 3533 355 3598 liberos
377 3532 640 3612 duntaxatduos‚
663 3556 800 3617 quorum
818 3534 913 3600 alteri
935 3535 990 3617 qui
1007 3533 1095 3617 apud
1146 3537 1218 3599 nuit
1250 3536 1365 3599 anxios
1398 3543 1436 3597 ut
1467 3533 1550 3597 nihil
1583 3554 1692 3617 supra.
1739 3531 1826 3597 Vide
1855 3554 1973 3615 quaeso
1995 3542 2034 3596 ut
2055 3552 2115 3597 nos

126 3640 184 3684 nos
217 3619 286 3702 agit
315 3620 450 3684 absente
479 3631 572 3704 patre
601 3621 846 3704 prospiciemus.
900 3618 1094 3685 Sedunum
1145 3620 1207 3686 hao
1229 3620 1378 3685 molestia
1395 3619 1521 3684 liberes.
1574 3619 1672 3685 Vireti
1695 3621 1798 3683 nostri
1815 3620 1950 3699 causass)
1972 3620 2009 3682 in
2029 3627 2114 3683 octa-

122 3726 181 3769 nos
203 3705 256 3770 hic
278 3715 469 3783 remoratur,
493 3728 610 3788 nempe
632 3706 718 3789 quod
740 3728 806 3770 non
827 3708 930 3790 possit
952 3705 1016 3770 nisi
1037 3725 1094 3787 pe·
1144 3728 1222 3771 vum
1252 3706 1349 3783 diem,
1378 3705 1435 3788 qui
1464 3706 1595 3769 iuturus
1620 3714 1670 3769 est
1702 3705 1800 3769 huius
1822 3705 1944 3768 mensis
1966 3726 2020 3767 xv.
2045 3724 2112 3766 am·

124 3791 184 3855 tite
205 3812 225 3855 a
243 3789 406 3855 Vcteoollio
417 3791 442 3874 ⁸)
465 3793 561 3855 venia
573 3790 745 3872 discedere,
768 3791 853 3875 quod
875 3795 910 3855 in
932 3791 1003 3856 eius
1015 3811 1094 3873 agro
1144 3791 1246 3874 pliata
1273 3801 1332 3856 est.
1381 3790 1600 3874 Gueroltioo⁹l
1632 3790 1783 3855 Vandalis
1796 3793 1838 3865 ¹⁰)
1862 3790 1948 3853 inter
1969 3797 2113 3854 caeteros

123 3877 164 3940 sit
185 3896 291 3959 pagus
323 3876 357 3939 in
380 3897 442 3959 quo
465 3878 641 3955 ministrat,
671 3889 705 3941 et
725 3878 773 3941 ita
789 3877 833 3942 sit
854 3877 903 3941 illi
919 3877 1093 3959 obligatus.
1145 3878 1247 3952 affuit,
1269 3877 1322 3941 cui
1343 3898 1442 3958 quum
1455 3875 1586 3958 quidam
1598 3877 1753 3941 obiiceret
1771 3875 1856 3958 quod
1879 3874 1995 3940 ducem
2013 3875 2116 3952 illum,

124 3960 236 4042 Quum
254 3969 367 4027 autem
388 3983 426 4027 co
446 3963 518 4044 ipso
540 3961 592 4028 die
609 3964 809 4028 subnectem
827 3961 869 4027 ad
890 3985 965 4028 eum
985 3964 1094 4027 venis·
1145 3963 1178 4027 id
1200 3972 1258 4040 est,
1277 3970 1427 4026 vestrum
1450 3962 1608 4026 comicum
1636 3961 1813 4027 Caesarem
1835 3982 1869 4025 se
1892 3972 2034 4036 ueretur,
2057 3981 2114 4023 ex·

124 4058 172 4112 set
193 4047 294 4123 (forte
320 4048 408 4112 enim
437 4057 513 4112 auto
541 4047 676 4113 biduum
704 4058 841 4114 venerat
862 4049 897 4113 in
920 4046 1094 4113 Columbo·
1145 4056 1261 4130 specta,
1275 4047 1379 4125 modo,
1403 4047 1518 4129 inquit,
1531 4047 1623 4112 brevi
1643 4047 1857 4111 cerneshuno
1871 3982 1989 4111 ducem
2001 4045 2115 4108 multis

124 4135 221 4210 riam)
251 4141 285 4197 et
315 4132 503 4199 missionem
531 4134 571 4199 ab
614 4156 651 4199 eo
668 4135 850 4218 flagitasset
869 4134 904 4198 in
934 4132 1015 4198 duos
1038 4141 1095 4197 aut
1145 4133 1304 4199 militibus
1318 4137 1360 4210 ¹¹)
1383 4140 1603 4214 praeeuntem.
1649 4133 1700 4197 Ne
1718 4132 1780 4197 boc
1801 4132 1941 4213 quidem,
1964 4130 2114 4212 quamvis

124 4229 188 4285 tres
210 4239 348 4295 menses,
368 4218 468 4301 quid?
499 4220 607 4302 inquit
628 4219 694 4298 ille,
716 4241 870 4302 quorsum
892 4230 960 4283 tam
981 4219 1093 4302 iniquo
1145 4218 1242 4284 nihili
1263 4219 1307 4283 sit
1328 4228 1361 4282 et
1382 4217 1565 4283 abhomine
1585 4218 1680 4282 nihili
1701 4219 1890 4300 profectum,
1914 4216 2117 4298 praetermit-

123 4304 290 4388 tempore?
318 4324 438 4386 nempe
459 4325 563 4370 novas
581 4305 673 4371 nobis
690 4306 856 4371 molestias
877 4305 992 4370 afferet
1013 4304 1095 4369 haec
1146 4314 1215 4370 tere
1237 4304 1336 4369 volui.
1972 4368 1976 4376 ,

123 4403 178 4455 tua
199 4390 426 4474 peregrinatio.
456 4390 521 4456 Hic
544 4390 684 4468 Iacobus,
707 4412 805 4474 quem
828 4390 1003 4474 diligenter
1024 4411 1094 4455 mo·
1230 4390 1284 4455 De
1313 4391 1409 4455 rebus
1438 4390 1560 4454 nostris
1588 4390 1653 4454 nisi
1675 4389 1839 4454 Dominus
1860 4387 2045 4470 prospiciat,
2068 4385 2114 4450 Io.

123 4497 298 4541 oneramus
320 4476 461 4559 nequid
484 4477 524 4541 de
546 4476 607 4542 hau
630 4497 665 4541 re
687 4479 836 4559 aperiret,
858 4477 964 4560 coepit
986 4474 1095 4540 dicere
1150 4476 1371 4541 Toraaceaoem
1385 4477 1425 4554 ¹²)
1449 4476 1590 4559 migrare
1609 4496 1740 4541 necesse
1762 4474 1826 4538 erit
1842 4481 1976 4555 propter
1996 4472 2115 4536 intem·

124 4668 324 4674 --···
1150 4715 1178 4727 ..
1248 4645 1278 4708 7)
1293 4645 1413 4726 fortasse
1430 4644 1464 4697 de
1479 4645 1589 4710 foedere
1606 4645 1748 4709 Beraeaar,
1768 4651 1816 4699 out
1834 4644 1866 4698 oe
1885 4643 2056 4698 &montbar
2073 4644 2115 4695 io·

223 4782 254 4846 3)
273 4783 404 4836 ulteranis
423 4783 474 4836 Br.
1143 4726 1193 4770 mo
1211 4714 1575 4847 medluwblsibngblideliom
1593 4781 1630 4834 N.
1649 4781 1725 4835 2864.
1745 4780 1821 4835 2374

156 4924 161 4934 ⁹
223 4852 251 4919 4)
270 4853 395 4973 {ianam
412 4852 458 4933 ille
475 4853 559 4914 fuerit
575 4851 678 4908 docebit
686 4850 725 4906 N.
735 4849 812 4904 2391.
841 4852 917 4907 Abbi
933 4851 1093 4906 deEaardo
1208 4923 1213 4932 Ι
1246 4852 1276 4933 tl)
1298 4851 1431 4906 Gauroult
1465 4853 1521 4905 aior
1548 4849 1663 4920 Garrod
1697 4851 1884 4932 typographus
1910 4849 2114 4931 Inbmbroruor

125 4920 228 4976 Pscbor
246 4921 279 4974 de
302 4921 394 4988 qando
412 4920 524 4975 docetur.
1142 4921 1259 4984 sanaem
1277 4920 1429 4974 cdbcrrem
1446 4926 1471 4972 et
1481 4918 1589 4974 Semele
1605 4921 1710 4986 scama,
1728 4937 1777 4989 qao
1790 4935 1845 4974 rem
1857 4918 1953 4974 actore
1970 4934 2029 4973 coar
2040 4917 2115 4970 Bere

222 4988 251 5055 6)
274 4986 355 5056 Quem
375 5006 461 5058 nuper
479 4992 566 5057 ipsum
585 4989 723 5043 Lutetiam
740 4986 897 5070 mittendum
912 4990 1022 5056 measa
1036 4988 1093 5070 Ec·
1144 4989 1177 5044 de
1195 4989 1315 5043 Psalmis
1332 4989 1385 5070 (ll.
1402 4987 1480 5071 2068.
1495 4986 1586 5054 2076).

123 5056 985 5250 aareque‘tec‚spreteratis
1002 5074 1094 5206 „r
1230 5058 1276 5192 a
1293 5057 1530 5208 insuar,
1928 5193 1933 5204 ,

223 5195 254 5259 6)
290 5213 316 5251 rc
332 5197 455 5250 rubeam
471 5196 518 5261 fol.
553 5194 595 5259 30,
613 5201 711 5264 θιθῳιί
726 5195 773 5261 fol.
789 5193 846 5247 138.
865 5224 899 5232 -
922 5193 1094 5249 Wottmlrus
1233 5196 1278 5259 12)
1296 5196 1440 5264 Aquileiae
1460 5201 1625 5263 recautum,
1647 5193 1680 5248 de
1705 5209 1758 5262 quo
1785 5200 1875 5247 tomen
1901 5191 1972 5246 arbal
1987 5191 2114 5246 actm

126 5262 253 5335 Dyooata
263 5267 293 5320 ia
303 5263 451 5321 Golombt'er
463 5265 570 5319 ridetur
581 5266 661 5319 etrbm
675 5271 812 5333 patronus
827 5264 914 5332 potsse
930 5262 1094 5333 ichudry.
1145 5264 1217 5333 qaod
1234 5264 1274 5318 od
1289 5280 1345 5319 rem
1359 5265 1458 5332 sodet
