4688 5910
93 287 152 349 rii
200 367 206 379 ι
314 364 318 371 ‚
942 287 1023 350 issi
1043 284 1246 353 neonus.
2024 293 2086 355 rii
2160 240 2161 245 Ν

92 466 226 557 propter
246 470 407 539 inscitiam
430 478 463 536 et
480 470 651 546 avaritiam
673 471 918 537 monachorum.
950 471 1064 555 Neque
1115 481 1323 541 curaverunt.
1364 475 1438 543 Hoc
1460 483 1493 541 et
1521 477 1635 563 inclyti
1663 479 1765 561 patris
1792 485 1826 544 et
1847 479 2005 545 maiorum
2027 501 2086 545 ex-

95 560 182 623 enim
211 558 326 641 negari
354 567 477 641 potest,
507 556 627 631 multos
660 556 797 633 abusus,
828 557 908 622 alios
933 559 1064 638 erroris,
1115 561 1260 643 emplum
1288 562 1410 627 imitari
1432 563 1527 629 malit
1548 564 1589 628 R.
1613 565 1654 627 D.
1676 564 1717 628 V.
1740 584 1839 648 quani
1867 565 2005 631 aliorum
2034 568 2086 629 iii-

92 645 172 710 alios
194 651 350 727 quaestus
372 664 469 709 causa
486 651 632 725 receptos
653 663 733 720 esse,
751 664 890 724 quorum
912 642 1064 709 emenda-
1115 649 1236 711 iustam
1257 649 1475 730 asperitatem.
1504 649 1628 734 Magna
1649 671 1722 714 oum
1746 649 1841 715 laude
1852 651 1957 735 Regia
1978 649 2085 736 digni·

92 731 213 794 tionem
235 729 333 797 otiarii
363 729 583 811 superioribus
605 728 743 794 saeculis
764 729 958 813 flagitarunt
979 728 1064 794 docti
1116 740 1167 795 tas
1189 740 1299 797 vestra
1326 734 1498 799 adversata
1519 745 1568 799 est
1590 733 1724 819 Synodo
1747 736 1973 812 Tridentinae,
2003 757 2086 819 quae

92 826 125 880 et
146 816 223 880 boni
246 815 309 879 viri
326 815 365 878 in
387 815 443 880 illo
473 815 543 897 ipso
564 813 822 879 doctissimorum
844 825 940 880 coetu
963 816 1064 881 Lute-
1116 818 1204 882 malo
1239 819 1373 883 consilio
1412 819 1453 884 ad
1493 821 1738 902 oppressionem
1773 823 1920 888 veritatis
1952 823 2087 888 collecta

91 903 157 966 tiae
190 921 273 984 qnae
301 909 351 965 est
378 900 591 983 praecipuum
621 899 818 964 domicilium
842 898 1063 965 doctrinarum
1116 902 1231 968 fuerat
1266 903 1315 970 Ut
1336 915 1446 970 autem
1463 914 1596 988 propter
1613 907 1750 990 gloriam
1769 907 1833 971 Dei
1850 908 1972 973 veritas
1993 908 2086 975 illus·

92 997 159 1050 toto
178 987 255 1052 orbe
276 995 448 1064 terrarum,
463 985 663 1051 Gaillietmus
674 985 878 1064 Parisiensis,
900 986 1064 1051 Iohannes
1116 996 1222 1053 tratur
1255 998 1288 1055 et
1319 991 1509 1056 consulatur
1545 993 1734 1057 concordiae
1766 995 1947 1074 communi,
1981 994 2088 1077 Regia

94 1073 223 1146 Geton,
261 1072 415 1138 Wesaelae
443 1079 476 1136 et
498 1070 562 1136 alii.
613 1071 743 1153 anque
772 1071 893 1136 abusus
923 1074 1065 1136 fatemur
1116 1075 1259 1158 dignitas
1281 1087 1392 1141 vestra
1413 1076 1677 1142 deliberationem
1701 1076 1874 1162 aliquando
1897 1078 1936 1144 de
1956 1088 2085 1144 contro·

91 1169 124 1226 et
146 1158 273 1223 anobis
296 1159 403 1222 taxari
425 1165 458 1220 et
480 1157 557 1234 tolli,
582 1164 620 1220 ut
641 1155 820 1221 ostendunt
836 1168 967 1222 nostrae
989 1179 1065 1223 oon·
1116 1160 1232 1226 versiis
1260 1161 1462 1244 explicandis
1490 1184 1549 1245 per
1576 1164 1726 1228 homines
1759 1164 1891 1229 idoneos
1923 1166 2084 1240 instituat,

91 1245 255 1309 sessiones.
583 1248 585 1253 ’
1116 1245 1157 1309 ad
1184 1267 1283 1328 quam
1312 1256 1346 1312 et
1373 1256 1504 1312 nostros
1526 1251 1655 1313 mittere
1677 1271 1741 1313 non
1768 1269 1962 1315 recusamus.
1999 1237 2086 1314 Narli

177 1329 292 1413 Itaque
326 1328 487 1411 supplices
517 1349 640 1406 sumus,
670 1348 707 1393 ac
741 1337 875 1410 propter
892 1327 1012 1392 Deum
1032 1334 1066 1393 et
1116 1331 1270 1397 violentis
1292 1333 1435 1398 consiliis
1458 1354 1519 1400 neo
1541 1336 1650 1400 sanari
1673 1346 1799 1399 mentes
1821 1355 1881 1400 uec
1903 1336 2085 1419 tranquilli-

91 1422 224 1498 propter
246 1413 349 1479 filiuni
373 1414 443 1479 eius
466 1412 644 1479 Dominum
657 1420 808 1477 nostrum
828 1413 937 1478 Iesum
950 1413 1065 1479 ohris-
1116 1426 1167 1482 tas
1188 1417 1356 1489 ecclesiae,
1370 1415 1501 1484 restitui
1522 1440 1667 1503 unquam
1695 1421 1852 1502 poterit*
1895 1423 1940 1486 Et
1965 1424 2086 1487 tristis·

91 1511 161 1564 tum
189 1521 320 1564 oramus
345 1501 484 1584 Regiam
518 1499 710 1582 dignitatem
740 1508 894 1576 vestram,
919 1506 957 1564 ut
977 1500 1066 1564 vitae
1116 1504 1237 1568 simum
1258 1513 1308 1568 est
1333 1507 1403 1568 sine
1425 1508 1490 1570 fine
1511 1514 1638 1570 tantam
1661 1506 1869 1588 asperitatem
1895 1508 1929 1571 in
1952 1507 2087 1573 ecclesia

91 1586 222 1651 illorum
260 1587 462 1668 captivorum
503 1585 683 1651 clementer
719 1594 751 1649 et
788 1594 921 1667 proter
957 1586 1065 1650 Deum
1117 1608 1278 1667 exercere,
1300 1602 1334 1654 et
1356 1612 1376 1655 a
1395 1591 1502 1674 Regia
1524 1592 1668 1656 bonitate
1690 1593 1842 1656 alienum.

90 1683 213 1821 parcat.
258 1671 297 1737 si
325 1680 382 1736 aut
414 1671 582 1736 seditiosae
610 1670 780 1754 opiniones
811 1607 977 1748 haberent,
1008 1678 1065 1736 aut
1203 1673 1313 1755 Quare
1346 1686 1536 1742 reverenter
1564 1698 1694 1743 oramus
1723 1678 1861 1761 Regiam
1892 1677 2085 1762 dignitatem

114 1758 304 1823 issentirent
332 1777 352 1821 a
380 1756 544 1840 symbolis,
563 1765 621 1821 aut
643 1757 825 1838 reciperent
844 1756 1064 1839 turpitudines
1117 1768 1270 1838 vestram,
1294 1768 1333 1825 ut
1352 1770 1486 1845 piopter
1504 1763 1611 1828 Deum
1630 1771 1743 1845 parcat
1765 1765 1851 1827 vitae
1873 1766 2085 1846 captivorum.

91 1843 124 1907 in
147 1842 300 1923 moribus,
313 1862 516 1925 nequaquam
540 1863 599 1925 pro
620 1841 668 1905 eis
692 1842 949 1924 deprecaremur.
978 1841 1064 1906 Nam
1116 1845 1209 1911 Haeo
1230 1848 1451 1912 misericordia
1474 1847 1544 1913 Deo
1566 1859 1660 1932 grata
1681 1851 1757 1928 erit,
1786 1850 1842 1931 qui
1866 1849 1926 1914 bao
1948 1851 2086 1933 promis·

94 1938 128 1993 et
148 1951 208 1994 nos
237 1928 451 1995 contumelias
480 1928 541 1992 Dei
575 1948 703 1992 summa
737 1947 816 1991 cura
844 1928 1064 2010 prohibemus,
1117 1931 1209 1995 sione
1230 1952 1343 1997 omnes
1365 1934 1494 2012 invitat,
1524 1942 1562 1999 ut
1582 1933 1737 1999 modestis
1759 1935 1925 2000 leniantur
1946 1956 2083 2018 poenae:

94 2025 128 2079 et
152 2016 282 2099 magnis
315 2017 434 2079 nostris
470 2013 621 2096 periculis
649 2014 710 2079 hoo
743 2014 880 2096 agimus,
909 2024 945 2078 ut
978 2021 1065 2079 recte
1117 2017 1215 2082 Beati
1236 2018 1474 2098 misericordes,
1503 2021 1580 2102 quia
1604 2019 1859 2086 misericordiam
1885 2041 1982 2086 conse
2004 2042 2084 2086 uen-

94 2102 186 2167 Deus
216 2102 396 2178 invocetur,
432 2107 466 2164 et
493 2100 673 2164 retineatur
707 2097 883 2165 catholicae
911 2099 1065 2165 ecclesiae
1117 2111 1180 2167 tur.
1217 2103 1371 2169 Vicissim
1398 2106 1498 2189 igitur
1520 2106 1644 2191 Regiae
1671 2106 1823 2189 dignitati
1845 2114 1973 2172 vestrae
2029 2129 2086 2173 eus

94 2187 229 2252 Domini
263 2187 367 2251 nostri
411 2185 487 2250 Iesu
521 2184 648 2250 Christi
679 2205 866 2261 consensus,
891 2205 1066 2266 expressus
1116 2187 1304 2264 benefaciet,
1333 2190 1429 2273 idque
1458 2191 1553 2255 multi
1583 2200 1671 2257 recte
1699 2193 1888 2257 invocantes
1910 2193 2020 2257 Deum
2051 2195 2084 2256 in

94 2274 131 2336 in
149 2273 278 2355 scriptis
288 2271 487 2354 propheticis
506 2278 538 2334 et
550 2271 741 2353 apostolicis,
761 2277 793 2334 et
810 2271 845 2334 in
863 2271 1019 2354 symbolis
1033 2279 1067 2335 et
1117 2276 1266 2340 omnibus
1299 2278 1396 2341 terris
1437 2276 1624 2342 ardentibus
1657 2278 1743 2342 votis
1783 2286 1902 2360 petent.
1948 2279 1994 2343 Et
2025 2300 2086 2343 nos

94 2358 239 2441 probatis
261 2357 473 2440 scriptoribus
494 2357 616 2421 vetoris
638 2355 793 2422 ecclesiae
821 2357 970 2438 purioris.
1005 2355 1066 2421 Se·
1116 2360 1242 2444 Regiae
1274 2358 1425 2445 dignitati
1459 2372 1586 2427 vestrae
1624 2363 1791 2427 offerimus
1829 2372 1943 2428 nostra
1980 2362 2088 2428 officia

94 2464 173 2508 vere
202 2444 300 2507 etiam
323 2463 451 2507 morum
479 2441 700 2524 turpitudines
721 2443 885 2523 punimus,
908 2462 945 2506 ac
967 2449 1066 2506 testa·
1116 2466 1192 2510 oum
1213 2457 1372 2531 perpetua
1394 2449 1601 2532 gratitudine.
1636 2447 1745 2513 Datae
1762 2448 1895 2513 (laland.
1914 2449 2085 2514 Decembr.

94 2551 169 2594 mur
201 2530 326 2609 Deum‘,
360 2551 425 2593 non
464 2528 641 2610 cupiditate
673 2526 848 2592 inhonesta
887 2527 968 2606 ulla,
1008 2528 1066 2592 sed
1116 2535 1216 2597 Anno
1242 2537 1331 2597 1557.

96 2628 224 2679 tantum
253 2626 291 2678 ut
314 2614 380 2678 Deo
408 2614 677 2695 obtemperemus,
711 2634 770 2677 nos
799 2612 951 2694 amplecti
980 2613 1065 2678 hano

95 2701 287 2779 doctrinam,
317 2720 399 2783 quae
429 2707 537 2764 exstat
564 2700 599 2762 in
638 2698 758 2763 nostris
793 2697 1063 2773 confessionibus,

91 2788 169 2869 quia
190 2787 320 2870 agnitae
341 2785 471 2849 veritati
486 2782 651 2849 adversari
671 2806 736 2848 non
759 2783 842 2849 licet.
884 2782 1064 2848 Studemus

91 2873 194 2956 igitur
216 2885 248 2936 et
269 2872 358 2937 cives
388 2892 459 2935 esse
488 2891 586 2935 verae
610 2870 674 2933 Dei
704 2869 867 2946 ecclesiae,
890 2881 923 2933 et
945 2870 1064 2952 guber-

90 2966 223 3022 natores
251 2957 394 3034 honesti,
423 2964 456 3021 et
484 2978 541 3039 spo
562 2976 628 3020 non
651 2955 749 3021 dubia
776 2955 812 3019 iu
840 2953 902 3020 hao
932 2954 1063 3021 invoca·

89 3045 180 3107 tione
202 3043 266 3108 Dei
287 3051 513 3124 exspectamus
536 3041 684 3105 coelestis
705 3040 859 3107 ecclesiae
889 3045 1062 3106 consuetu·

91 3128 211 3193 dinem.
247 3127 326 3193 Ideo
347 3147 408 3193 nec
429 3148 518 3191 nuno
541 3127 766 3209 deprecatores
795 3146 866 3191 esse
888 3125 1063 3205 voluimus,
1554 3129 1651 3199 2770,

89 3215 154 3279 nisi
177 3215 307 3299 cognita
329 3215 529 3278 confessione
556 3211 704 3289 illorum,
734 3212 789 3294 qui
812 3213 904 3277 nobis
931 3211 1063 3277 calami·

88 3307 192 3366 tatem
213 3300 419 3383 captivorum
441 3305 671 3381 exposuerunt.
1348 3283 1630 3352 BLAURERUS
1654 3283 1867 3350 CALVINO·

177 3385 401 3469 Comperimus
440 3394 550 3448 autem
589 3384 719 3448 illorum
758 3383 988 3449 confessionem
1030 3392 1064 3448 et

90 3491 269 3556 congruere
291 3492 366 3536 oum
389 3470 554 3554 symbolis,
578 3478 611 3533 et
629 3468 769 3533 alienam
788 3489 858 3533 esse
876 3490 896 3533 a
913 3469 1063 3534 fanaticis
1204 3458 1355 3543 Proponit
1382 3457 1411 3521 θ’
1439 3458 1647 3556 immittam
1673 3455 1868 3554 ldwlwt'wm
1897 3456 1939 3521 αᾶ
1967 3457 2087 3523 Adamt'

89 3565 124 3621 et
146 3557 308 3622 seditiosis
330 3556 505 3632 furoribus,
528 3563 560 3619 et
580 3556 701 3620 scimus
723 3554 844 3619 multos
866 3553 1064 3621 excellentes
1116 3545 1241 3626 limiam
1273 3548 1456 3642 medanam
1487 3548 1667 3624 quaerique
1699 3544 1777 3640 quod
1807 3543 1846 3607 de
1873 3541 1978 3607 Besae
2008 3564 2088 3609 cova

89 3643 275 3708 eruditione
304 3651 336 3706 et
364 3641 502 3716 virtute,
537 3647 684 3705 amantes
711 3639 893 3726 ecclesiam,
924 3644 1063 3705 scientes
1116 3631 1304 3712 confestim
1325 3634 1445 3694 seira.
1484 3628 1566 3693 Peltl
1586 3633 1621 3692 ul
1647 3647 1711 3708 *Ρδι
1732 3631 1835 3692 Μαί
1854 3631 2089 3694 commentarios

88 3728 239 3793 ordinem
266 3729 301 3792 in
327 3727 474 3810 imperiis
495 3725 559 3791 Dei
581 3748 662 3809 opus
685 3745 769 3797 esse,
799 3735 832 3789 et
860 3724 1063 3792 illustrantes
1116 3736 1221 3782 mm&
1251 3715 1420 3796 ’ΨΜ
1445 3714 1570 3812 ΨΜ
1586 3714 1718 3778 lamiam
1747 3714 1844 3778 “Mal
1872 3735 1952 3795 iuste
1978 3716 2087 3779 diam·

89 3835 203 3880 veram
237 3812 418 3879 doctrinam
451 3811 491 3877 de
523 3812 684 3895 dignitate
712 3811 835 3893 politici
866 3810 998 3888 ordinis,
1031 3821 1064 3877 et
1116 3823 1193 3867 num
1219 3802 1442 3867 desiderandus·
1485 3799 1628 3881 Demque
1655 3799 1804 3864 ”mulla
1831 3799 1917 3863 habel
1938 3801 1976 3865 <1⁶
1996 3801 2087 3865 wdo-

88 3920 212 3984 magna
233 3920 312 3965 cura
333 3908 462 3964 tuentes
483 3918 601 3962 nervos
627 3898 783 3961 honestae
808 3897 1063 3980 gubernationis,
1116 3889 1189 3970 914ῑο
1218 3886 1450 3952 Wormallmsl·

89 3985 130 4049 de
153 4007 191 4050 ea
213 3985 411 4050 confessione
433 3984 624 4048 consentire.
661 3981 773 4063 Quare
794 3991 828 4046 et
845 3983 991 4063 captivos
1009 4004 1064 4047 ex-

34 4141 37 4145 ,
88 4072 274 4136 istimamus
291 4091 312 4134 a
328 4069 489 4135 seditiosis
511 4068 654 4135 consiliis
676 4077 710 4132 et
727 4089 747 4131 a
768 4068 918 4132 fanaticis
937 4068 1063 4149 opinio·
1269 4058 1325 4121 (ΕΙ
1343 4057 1511 4157 autographo
1530 4053 1776 4116 Caesariano,
1793 4054 1838 4107 f⁰¹·
1860 4053 1929 4116 ¹3⁶l

89 4157 187 4223 nibus
210 4156 332 4221 alienos
354 4176 435 4220 esse.
474 4157 522 4218 Ao
543 4155 703 4219 mittimus
725 4153 912 4235 exemplum
936 4154 1061 4219 confes·

89 4243 207 4322 sionis,
233 4263 315 4325 quae
343 4243 379 4305 in
406 4240 557 4306 omnibus
586 4239 733 4304 articulis
755 4260 830 4304 oum
853 4245 965 4304 nostra
985 4259 1062 4304 oon·
1115 4230 1307 4295 Inimilssblli
1331 4228 1478 4293 d00lfi11³
1504 4248 1641 4310 ‘mque
1668 4228 1788 4309 l‘ietate
1801 4226 1882 4325 ,ΨΟ
1904 4226 1945 4290 D·
1969 4224 2086 4324 Ῑθβῦῐὶῑ

89 4329 188 4413 gruit.
224 4329 264 4392 In
288 4349 352 4393 uno
376 4324 498 4409 aliquid
520 4338 570 4391 est
592 4324 810 4402 obscuritatis,
841 4322 880 4388 de
900 4346 963 4407 quo
985 4344 1062 4391 con-
1116 4316 1254 4382 Calvino
1284 4314 1491 4380 Genevensis
1519 4314 1674 4379 ecclesiae
1706 4320 1911 4377 sanctissimo
1943 4313 2085 4377 substiti

90 4414 212 4480 oiliatio
244 4415 316 4478 fieri
348 4422 457 4495 posset
489 4411 689 4476 cruditorum
719 4410 901 4475 collatione.
948 4410 1061 4494 Neque
1115 4401 1246 4467 domino
1268 4421 1304 4467 80
1326 4400 1419 4465 fratri
1441 4419 1501 4465 ⁸110
1524 4409 1591 4464 Μ
1615 4396 1800 4497 tsflsstlfflssdo
1818 4418 1915 4479 quam
1939 4399 2085 4462 omnium

89 4501 176 4564 enirn
200 4498 387 4564 dubitamus
409 4509 476 4562 toto
497 4498 575 4563 orbe
597 4508 759 4561 terrarum
777 4518 891 4561 omnes
908 4498 1062 4563 timentes
1454 4486 1549 4568 ¹⁰11g⁰
1571 4504 1746 4550 08r¹⁸⁸1m⁰·

88 4587 198 4650 Deum
221 4583 364 4650 adsiduis
385 4582 562 4667 gemitibus
583 4589 695 4664 petere
716 4602 735 4646 a
757 4582 830 4647 Deo
853 4582 1061 4647 ecclesiarum
1325 4659 1330 4671 .
1550 4657 1555 4669 .
1684 4656 1690 4668 ι
2075 4656 2082 4667 ο

90 4671 309 4746 concordiam,
341 4685 374 4734 et
395 4669 503 4734 Deum
527 4689 635 4744 orare,
665 4679 703 4732 ut
729 4669 839 4734 flectat
860 4689 1062 4734 summorum
1201 4652 1869 4725 881761111θὸΰῦἢηῦῑοΒθῑὶᾶῧῦθθῑῒθ
1896 4653 2009 4732 salute,
2039 4677 2085 4718 mi

90 4758 221 4840 Regum
259 4757 401 4832 animos,
434 4765 472 4818 ut
504 4763 591 4819 recte
622 4752 793 4819 diiudicari
822 4755 1062 4820 controversias
1114 4745 1211 4830 longe
1250 4744 1395 4809 omnium
1435 4741 1661 4833 colendissimo
1703 4739 1932 4837 carissimeque
1973 4738 2083 4805 frater.

89 4856 215 4917 curent,
255 4863 390 4925 eamque
429 4840 658 4923 cogitationem
692 4850 767 4903 ante
806 4860 908 4902 annos
942 4838 1062 4921 viginti
1115 4830 1313 4913 Quanquam
1336 4850 1401 4893 non
1423 4847 1539 4926 parum
1557 4827 1662 4890 multa
1683 4834 1760 4890 sunt
1778 4824 1817 4888 de
1836 4825 1953 4923 quibus
1970 4823 2085 4889 luben·

89 4930 255 5012 suscipere
284 4938 411 5011 patrem
434 4926 559 5009 Regiae
581 4924 751 5008 dignitatis
775 4934 912 5002 vestrae,
934 4925 1061 5007 Regem
1115 4917 1238 4982 tissime
1260 4914 1300 4980 ad
1323 4925 1356 4980 te
1378 4911 1562 4988 scriberem,
1585 4923 1755 5010 tamenne
1778 4923 1810 4974 te
1827 4909 1965 5009 publicis
1983 4910 2085 5009 ecole-

91 5013 297 5080 Froaciscum
319 5012 527 5078 oxcellentem
557 5005 718 5093 sapientia
744 5017 777 5074 at
798 5010 922 5073 virtute
944 5010 1061 5073 memi-
1114 5004 1181 5068 siae
1199 4999 1375 5067 commodis
1392 4998 1473 5063 adeo
1490 4996 1633 5062 docendo
1650 4996 1882 5078 scribendoque
1900 4996 2084 5060 districtum

89 5101 216 5182 nimus,
250 5100 336 5165 sicut
368 5108 401 5164 et
432 5098 598 5164 veteribus
631 5096 768 5162 sacculis
801 5093 919 5178 inclyti
951 5094 1061 5179 Reges
1114 5087 1376 5170 intempestivius
1398 5084 1629 5183 molestiusque
1651 5081 1879 5181 interpellem,
1895 5102 2000 5179 unum
2021 5079 2084 5146 hoo

90 5186 251 5252 Francius
291 5184 459 5251 diiudicari
498 5183 651 5249 ecclcsiae
689 5181 929 5248 controversias
963 5202 1061 5265 saepe
1113 5194 1312 5259 magnopere
1333 5195 1375 5238 ex
1397 5183 1430 5235 te
1451 5170 1633 5254 intelhgere
1653 5168 1766 5234 velim:
1789 5166 1905 5249 ecquid
1928 5165 1986 5232 tibi
2008 5186 2084 5232 con·

195 5286 306 5342 Coloim
318 5302 410 5355 opera.
452 5286 508 5339 Vct
527 5285 610 5338 XVI.
1843 5267 1877 5320 46
