<?xml version="1.0" encoding="UTF-8"?>
<!DOCTYPE html PUBLIC "-//W3C//DTD XHTML 1.0 Transitional//EN"
    "http://www.w3.org/TR/xhtml1/DTD/xhtml1-transitional.dtd">
<html xmlns="http://www.w3.org/1999/xhtml" xml:lang="en" lang="en">
 <head>
  <title>
</title>
<meta http-equiv="Content-Type" content="text/html;charset=utf-8" />
  <meta name='ocr-system' content='tesseract 3.04.00' />
  <meta name='ocr-capabilities' content='ocr_page ocr_carea ocr_par ocr_line ocrx_word'/>
</head>
<body>
  <div class='ocr_page' id='page_1' title='image "./ioanniscalvinio00reusgoog_0308.png"; bbox 0 0 4688 5910; ppageno 0'>
   <div class='ocr_carea' id='block_1_1' title="bbox 144 340 1507 410">
    <p class='ocr_par' dir='ltr' id='par_1_1' title="bbox 144 340 1507 410">
     <span class='ocr_line' id='line_1_1' title="bbox 144 340 1507 410; baseline -0.001 -4"><span class='ocrx_word' id='word_1_1' title='bbox 144 352 146 356; x_wconf 87' lang='grc'><strong>’</strong></span> <span class='ocrx_word' id='word_1_2' title='bbox 258 346 323 406; x_wconf 81' lang='lat' dir='ltr'>olo</span> <span class='ocrx_word' id='word_1_3' title='bbox 1012 340 1274 410; x_wconf 70' lang='lat' dir='ltr'>EPISTOLAE</span> <span class='ocrx_word' id='word_1_4' title='bbox 1297 344 1507 405; x_wconf 70' lang='lat' dir='ltr'>arco-2707</span> 
     </span>
    </p>
   </div>
   <div class='ocr_carea' id='block_1_2' title="bbox 257 527 2256 1471">
    <p class='ocr_par' dir='ltr' id='par_1_2' title="bbox 259 527 1822 616">
     <span class='ocr_line' id='line_1_2' title="bbox 259 527 1822 616; baseline 0.003 -23"><span class='ocrx_word' id='word_1_5' title='bbox 259 528 441 609; x_wconf 79' lang='lat' dir='ltr'>Dominus,</span> <span class='ocrx_word' id='word_1_6' title='bbox 471 549 568 612; x_wconf 90' lang='lat' dir='ltr'>quam</span> <span class='ocrx_word' id='word_1_7' title='bbox 599 529 737 595; x_wconf 81' lang='lat' dir='ltr'><strong>solemni</strong></span> <span class='ocrx_word' id='word_1_8' title='bbox 767 532 982 614; x_wconf 79' lang='lat' dir='ltr'>promissione</span> <span class='ocrx_word' id='word_1_9' title='bbox 1003 536 1132 616; x_wconf 89' lang='lat' dir='ltr'>piorum</span> <span class='ocrx_word' id='word_1_10' title='bbox 1158 551 1231 595; x_wconf 91' lang='lat' dir='ltr'>oon·</span> <span class='ocrx_word' id='word_1_11' title='bbox 1721 527 1822 598; x_wconf 59' lang='lat' dir='ltr'>hild.</span> 
     </span>
    </p>

    <p class='ocr_par' dir='ltr' id='par_1_3' title="bbox 258 613 1230 699">
     <span class='ocr_line' id='line_1_3' title="bbox 258 613 1230 699; baseline -0.001 -20"><span class='ocrx_word' id='word_1_12' title='bbox 258 615 417 680; x_wconf 78' lang='lat' dir='ltr'>rentibus</span> <span class='ocrx_word' id='word_1_13' title='bbox 439 613 630 680; x_wconf 79' lang='lat' dir='ltr'><strong>benedixit?</strong></span> <span class='ocrx_word' id='word_1_14' title='bbox 675 614 764 682; x_wconf 82' lang='lat' dir='ltr'>Sunt</span> <span class='ocrx_word' id='word_1_15' title='bbox 780 618 836 699; x_wconf 92' lang='lat' dir='ltr'>qui</span> <span class='ocrx_word' id='word_1_16' title='bbox 858 638 898 682; x_wconf 87' lang='lat' dir='ltr'>ex</span> <span class='ocrx_word' id='word_1_17' title='bbox 919 616 1126 681; x_wconf 85' lang='lat' dir='ltr'>Naziauaeno</span> <span class='ocrx_word' id='word_1_18' title='bbox 1149 614 1230 679; x_wconf 93' lang='lat' dir='ltr'>didi-</span> 
     </span>
    </p>

    <p class='ocr_par' dir='ltr' id='par_1_4' title="bbox 258 697 2057 785">
     <span class='ocr_line' id='line_1_4' title="bbox 258 697 2057 785; baseline -0.001 -19"><span class='ocrx_word' id='word_1_19' title='bbox 258 701 365 766; x_wconf 91' lang='lat' dir='ltr'>cerint</span> <span class='ocrx_word' id='word_1_20' title='bbox 376 701 417 765; x_wconf 90' lang='lat' dir='ltr'>ad</span> <span class='ocrx_word' id='word_1_21' title='bbox 429 699 547 784; x_wconf 82' lang='lat' dir='ltr'>synodi</span> <span class='ocrx_word' id='word_1_22' title='bbox 560 721 679 766; x_wconf 91' lang='lat' dir='ltr'>nomen</span> <span class='ocrx_word' id='word_1_23' title='bbox 692 701 795 766; x_wconf 88' lang='lat' dir='ltr'>veluti</span> <span class='ocrx_word' id='word_1_24' title='bbox 808 722 976 780; x_wconf 77' lang='lat' dir='ltr'>nauseare,</span> <span class='ocrx_word' id='word_1_25' title='bbox 990 722 1010 766; x_wconf 98' lang='lat' dir='ltr'>a</span> <span class='ocrx_word' id='word_1_26' title='bbox 1023 702 1142 785; x_wconf 86' lang='lat' dir='ltr'>quibus</span> <span class='ocrx_word' id='word_1_27' title='bbox 1154 721 1233 765; x_wconf 89' lang='lat' dir='ltr'>sane</span> <span class='ocrx_word' id='word_1_28' title='bbox 1489 697 1816 765; x_wconf 79' lang='lat' dir='ltr'>BULLINGERUS</span> <span class='ocrx_word' id='word_1_29' title='bbox 1838 697 2057 765; x_wconf 82' lang='lat' dir='ltr'>OALVINO.</span> 
     </span>
    </p>

    <p class='ocr_par' dir='ltr' id='par_1_5' title="bbox 257 784 1233 870">
     <span class='ocr_line' id='line_1_5' title="bbox 257 784 1233 870; baseline 0.001 -20"><span class='ocrx_word' id='word_1_30' title='bbox 257 785 365 851; x_wconf 82' lang='lat' dir='ltr'>fateor</span> <span class='ocrx_word' id='word_1_31' title='bbox 380 787 427 850; x_wconf 89' lang='lat' dir='ltr'>ita</span> <span class='ocrx_word' id='word_1_32' title='bbox 437 805 491 851; x_wconf 92' lang='lat' dir='ltr'>me</span> <span class='ocrx_word' id='word_1_33' title='bbox 501 784 683 865; x_wconf 84' lang='lat' dir='ltr'>dissentire,</span> <span class='ocrx_word' id='word_1_34' title='bbox 696 796 734 850; x_wconf 90' lang='lat' dir='ltr'>ut</span> <span class='ocrx_word' id='word_1_35' title='bbox 750 799 864 852; x_wconf 87' lang='lat' dir='ltr'>contra</span> <span class='ocrx_word' id='word_1_36' title='bbox 879 788 1063 853; x_wconf 82' lang='lat' dir='ltr'>existimem</span> <span class='ocrx_word' id='word_1_37' title='bbox 1082 784 1233 870; x_wconf 78' lang='lat' dir='ltr'>synodos,</span> 
     </span>
    </p>

    <p class='ocr_par' dir='ltr' id='par_1_6' title="bbox 258 867 2256 1299">
     <span class='ocr_line' id='line_1_6' title="bbox 258 867 2256 953; baseline -0.003 -17"><span class='ocrx_word' id='word_1_38' title='bbox 258 872 361 936; x_wconf 89' lang='lat' dir='ltr'>etiam</span> <span class='ocrx_word' id='word_1_39' title='bbox 382 893 483 953; x_wconf 89' lang='lat' dir='ltr'>quum</span> <span class='ocrx_word' id='word_1_40' title='bbox 503 870 587 935; x_wconf 89' lang='lat' dir='ltr'>nihil</span> <span class='ocrx_word' id='word_1_41' title='bbox 610 874 687 936; x_wconf 90' lang='lat' dir='ltr'>novi</span> <span class='ocrx_word' id='word_1_42' title='bbox 711 870 832 951; x_wconf 86' lang='lat' dir='ltr'>incidit,</span> <span class='ocrx_word' id='word_1_43' title='bbox 856 882 966 939; x_wconf 90' lang='lat' dir='ltr'>tamen</span> <span class='ocrx_word' id='word_1_44' title='bbox 988 894 1056 939; x_wconf 92' lang='lat' dir='ltr'>non</span> <span class='ocrx_word' id='word_1_45' title='bbox 1080 871 1175 937; x_wconf 90' lang='lat' dir='ltr'>modo</span> <span class='ocrx_word' id='word_1_46' title='bbox 1196 880 1236 935; x_wconf 91' lang='lat' dir='ltr'>ut</span> <span class='ocrx_word' id='word_1_47' title='bbox 1372 869 1501 935; x_wconf 65' lang='lat' dir='ltr'>Madet</span> <span class='ocrx_word' id='word_1_48' title='bbox 1531 871 1600 935; x_wconf 79' lang='lat' dir='ltr'>eiua</span> <span class='ocrx_word' id='word_1_49' title='bbox 1631 869 1747 934; x_wconf 78' lang='lat' dir='ltr'>librum</span> <span class='ocrx_word' id='word_1_50' title='bbox 1779 873 1883 935; x_wconf 82' lang='lat' dir='ltr'>contro</span> <span class='ocrx_word' id='word_1_51' title='bbox 1918 867 2059 934; x_wconf 66' lang='lat' dir='ltr'>socom</span> <span class='ocrx_word' id='word_1_52' title='bbox 2087 869 2256 950; x_wconf 70' lang='lat' dir='ltr'>scriptum</span> 
     </span>
     <span class='ocr_line' id='line_1_7' title="bbox 260 952 2256 1037; baseline -0.003 -15"><span class='ocrx_word' id='word_1_53' title='bbox 260 957 360 1022; x_wconf 91' lang='lat' dir='ltr'>utiles</span> <span class='ocrx_word' id='word_1_54' title='bbox 383 956 441 1022; x_wconf 91' lang='lat' dir='ltr'>sed</span> <span class='ocrx_word' id='word_1_55' title='bbox 473 957 570 1022; x_wconf 93' lang='lat' dir='ltr'>etiam</span> <span class='ocrx_word' id='word_1_56' title='bbox 598 965 636 1021; x_wconf 91' lang='lat' dir='ltr'>ut</span> <span class='ocrx_word' id='word_1_57' title='bbox 668 960 868 1024; x_wconf 88' lang='lat' dir='ltr'>necessarias</span> <span class='ocrx_word' id='word_1_58' title='bbox 897 958 1009 1025; x_wconf 90' lang='lat' dir='ltr'>crebro</span> <span class='ocrx_word' id='word_1_59' title='bbox 1036 959 1072 1023; x_wconf 93' lang='lat' dir='ltr'>in</span> <span class='ocrx_word' id='word_1_60' title='bbox 1101 955 1236 1023; x_wconf 91' lang='lat' dir='ltr'>ecclesia</span> <span class='ocrx_word' id='word_1_61' title='bbox 1285 975 1391 1019; x_wconf 70' lang='lat' dir='ltr'>coum</span> <span class='ocrx_word' id='word_1_62' title='bbox 1412 976 1509 1036; x_wconf 72' lang='lat' dir='ltr'>oeque</span> <span class='ocrx_word' id='word_1_63' title='bbox 1536 955 1574 1019; x_wconf 80' lang='lat' dir='ltr'>da</span> <span class='ocrx_word' id='word_1_64' title='bbox 1594 955 1741 1037; x_wconf 70' lang='lat' dir='ltr'>deiloquio</span> <span class='ocrx_word' id='word_1_65' title='bbox 1768 954 1891 1037; x_wconf 71' lang='lat' dir='ltr'>aliquid</span> <span class='ocrx_word' id='word_1_66' title='bbox 1922 960 2035 1035; x_wconf 72' lang='lat' dir='ltr'>sperat</span> <span class='ocrx_word' id='word_1_67' title='bbox 2065 974 2164 1036; x_wconf 79' lang='lat' dir='ltr'>noque</span> <span class='ocrx_word' id='word_1_68' title='bbox 2191 952 2256 1017; x_wconf 85' lang='lat' dir='ltr'>Me·</span> 
     </span>
     <span class='ocr_line' id='line_1_8' title="bbox 261 1038 2255 1127; baseline -0.001 -21"><span class='ocrx_word' id='word_1_69' title='bbox 261 1040 476 1125; x_wconf 89' lang='lat' dir='ltr'>usurpandas.</span> <span class='ocrx_word' id='word_1_70' title='bbox 526 1042 566 1105; x_wconf 92' lang='lat' dir='ltr'>ln</span> <span class='ocrx_word' id='word_1_71' title='bbox 597 1063 636 1106; x_wconf 89' lang='lat' dir='ltr'>ea</span> <span class='ocrx_word' id='word_1_72' title='bbox 665 1044 817 1125; x_wconf 91' lang='lat' dir='ltr'>opinione</span> <span class='ocrx_word' id='word_1_73' title='bbox 846 1055 899 1109; x_wconf 89' lang='lat' dir='ltr'>me</span> <span class='ocrx_word' id='word_1_74' title='bbox 926 1046 1098 1110; x_wconf 88' lang='lat' dir='ltr'>confirmat</span> <span class='ocrx_word' id='word_1_75' title='bbox 1126 1044 1235 1127; x_wconf 92' lang='lat' dir='ltr'>ipsum</span> <span class='ocrx_word' id='word_1_76' title='bbox 1286 1040 1495 1106; x_wconf 66' lang='lat' dir='ltr'>anacteum</span> <span class='ocrx_word' id='word_1_77' title='bbox 1516 1041 1597 1106; x_wconf 81' lang='lat' dir='ltr'>sotis</span> <span class='ocrx_word' id='word_1_78' title='bbox 1616 1040 1744 1121; x_wconf 66' lang='lat' dir='ltr'>fimum</span> <span class='ocrx_word' id='word_1_79' title='bbox 1765 1039 1861 1118; x_wconf 69' lang='lat' dir='ltr'>boba,</span> <span class='ocrx_word' id='word_1_80' title='bbox 1890 1059 1988 1122; x_wconf 78' lang='lat' dir='ltr'>oeque</span> <span class='ocrx_word' id='word_1_81' title='bbox 2009 1038 2115 1105; x_wconf 78' lang='lat' dir='ltr'>Beroe</span> <span class='ocrx_word' id='word_1_82' title='bbox 2142 1038 2255 1120; x_wconf 69' lang='lat' dir='ltr'>wasca-</span> 
     </span>
     <span class='ocr_line' id='line_1_9' title="bbox 261 1124 2255 1213; baseline -0.002 -21"><span class='ocrx_word' id='word_1_83' title='bbox 261 1127 322 1192; x_wconf 90' lang='lat' dir='ltr'>Dci</span> <span class='ocrx_word' id='word_1_84' title='bbox 344 1129 494 1205; x_wconf 85' lang='lat' dir='ltr'>verbum,</span> <span class='ocrx_word' id='word_1_85' title='bbox 517 1129 637 1193; x_wconf 84' lang='lat' dir='ltr'>veteris</span> <span class='ocrx_word' id='word_1_86' title='bbox 655 1129 810 1194; x_wconf 87' lang='lat' dir='ltr'>ecclesiae</span> <span class='ocrx_word' id='word_1_87' title='bbox 828 1151 979 1208; x_wconf 90' lang='lat' dir='ltr'>canones,</span> <span class='ocrx_word' id='word_1_88' title='bbox 1003 1130 1074 1213; x_wconf 89' lang='lat' dir='ltr'>ipsa</span> <span class='ocrx_word' id='word_1_89' title='bbox 1093 1127 1235 1211; x_wconf 90' lang='lat' dir='ltr'>denique</span> <span class='ocrx_word' id='word_1_90' title='bbox 1285 1127 1368 1191; x_wconf 72' lang='lat' dir='ltr'>aiom</span> <span class='ocrx_word' id='word_1_91' title='bbox 1395 1147 1535 1207; x_wconf 74' lang='lat' dir='ltr'>unquam</span> <span class='ocrx_word' id='word_1_92' title='bbox 1563 1126 1716 1192; x_wconf 84' lang='lat' dir='ltr'>calculum</span> <span class='ocrx_word' id='word_1_93' title='bbox 1744 1126 1879 1191; x_wconf 58' lang='lat' dir='ltr'>auimo.</span> <span class='ocrx_word' id='word_1_94' title='bbox 1939 1124 2049 1190; x_wconf 79' lang='lat' dir='ltr'>Etiam</span> <span class='ocrx_word' id='word_1_95' title='bbox 2085 1124 2255 1190; x_wconf 79' lang='lat' dir='ltr'>Vermilr&#39;ua</span> 
     </span>
     <span class='ocr_line' id='line_1_10' title="bbox 262 1210 1658 1299; baseline -0.001 -21"><span class='ocrx_word' id='word_1_96' title='bbox 262 1214 474 1297; x_wconf 90' lang='lat' dir='ltr'>experientia.</span> <span class='ocrx_word' id='word_1_97' title='bbox 497 1213 572 1278; x_wconf 78' lang='lat' dir='ltr'>Etsi</span> <span class='ocrx_word' id='word_1_98' title='bbox 593 1215 681 1278; x_wconf 92' lang='lat' dir='ltr'>enim</span> <span class='ocrx_word' id='word_1_99' title='bbox 699 1234 796 1298; x_wconf 81' lang='lat' dir='ltr'>saepe</span> <span class='ocrx_word' id='word_1_100' title='bbox 814 1213 977 1280; x_wconf 90' lang='lat' dir='ltr'>Dominus</span> <span class='ocrx_word' id='word_1_101' title='bbox 995 1221 1128 1299; x_wconf 88' lang='lat' dir='ltr'>propter</span> <span class='ocrx_word' id='word_1_102' title='bbox 1149 1214 1235 1296; x_wconf 90' lang='lat' dir='ltr'>epis·</span> <span class='ocrx_word' id='word_1_103' title='bbox 1287 1210 1389 1278; x_wconf 76' lang='lat' dir='ltr'>Italia</span> <span class='ocrx_word' id='word_1_104' title='bbox 1404 1212 1526 1278; x_wconf 64' lang='lat' dir='ltr'>coneo</span> <span class='ocrx_word' id='word_1_105' title='bbox 1544 1213 1658 1295; x_wconf 79' lang='lat' dir='ltr'>nequit.</span> 
     </span>
    </p>

    <p class='ocr_par' dir='ltr' id='par_1_7' title="bbox 261 1298 1236 1384">
     <span class='ocr_line' id='line_1_11' title="bbox 261 1298 1236 1384; baseline -0.002 -20"><span class='ocrx_word' id='word_1_106' title='bbox 261 1319 419 1383; x_wconf 89' lang='lat' dir='ltr'>coporum</span> <span class='ocrx_word' id='word_1_107' title='bbox 442 1298 653 1363; x_wconf 79' lang='lat' dir='ltr'>ambitionem</span> <span class='ocrx_word' id='word_1_108' title='bbox 676 1299 811 1384; x_wconf 81' lang='lat' dir='ltr'>synodis</span> <span class='ocrx_word' id='word_1_109' title='bbox 832 1322 898 1365; x_wconf 92' lang='lat' dir='ltr'>non</span> <span class='ocrx_word' id='word_1_110' title='bbox 920 1299 1097 1378; x_wconf 81' lang='lat' dir='ltr'>benedixit,</span> <span class='ocrx_word' id='word_1_111' title='bbox 1126 1309 1236 1364; x_wconf 90' lang='lat' dir='ltr'>tamen</span> 
     </span>
    </p>

    <p class='ocr_par' dir='ltr' id='par_1_8' title="bbox 260 1379 2254 1471">
     <span class='ocr_line' id='line_1_12' title="bbox 260 1379 2254 1471; baseline 0.002 -22"><span class='ocrx_word' id='word_1_112' title='bbox 260 1384 328 1450; x_wconf 89' lang='lat' dir='ltr'>illis</span> <span class='ocrx_word' id='word_1_113' title='bbox 350 1404 428 1449; x_wconf 90' lang='lat' dir='ltr'>sane</span> <span class='ocrx_word' id='word_1_114' title='bbox 450 1383 604 1449; x_wconf 89' lang='lat' dir='ltr'>debemus</span> <span class='ocrx_word' id='word_1_115' title='bbox 634 1385 873 1451; x_wconf 85' lang='lat' dir='ltr'>haereticorum</span> <span class='ocrx_word' id='word_1_116' title='bbox 901 1386 1173 1471; x_wconf 86' lang='lat' dir='ltr'>profligationem,</span> <span class='ocrx_word' id='word_1_117' title='bbox 1203 1393 1236 1448; x_wconf 90' lang='lat' dir='ltr'>et</span> <span class='ocrx_word' id='word_1_118' title='bbox 1288 1383 1408 1452; x_wconf 78' lang='lat' dir='ltr'>(Duplex</span> <span class='ocrx_word' id='word_1_119' title='bbox 1431 1382 1618 1452; x_wconf 72' lang='lat' dir='ltr'>auegmphon</span> <span class='ocrx_word' id='word_1_120' title='bbox 1640 1383 1807 1452; x_wconf 73' lang='lat' dir='ltr'>in⁸l&gt;0¹i¹¹¹1¹¹</span> <span class='ocrx_word' id='word_1_121' title='bbox 1833 1383 1861 1435; x_wconf 70' lang='lat'>¹¹¹</span> <span class='ocrx_word' id='word_1_122' title='bbox 1882 1380 1964 1436; x_wconf 55' lang='lat'>&amp;⁰¹¹-</span> <span class='ocrx_word' id='word_1_123' title='bbox 1990 1380 2080 1433; x_wconf 64' lang='grc' dir='ltr'><strong>Τῦῐίῦ·</strong></span> <span class='ocrx_word' id='word_1_124' title='bbox 2111 1380 2185 1433; x_wconf 72' lang='lat' dir='ltr'>Plus.</span> <span class='ocrx_word' id='word_1_125' title='bbox 2213 1379 2254 1436; x_wconf 75' lang='lat' dir='ltr'>vl</span> 
     </span>
    </p>
   </div>
   <div class='ocr_carea' id='block_1_3' title="bbox 261 1447 2254 1588">
    <p class='ocr_par' dir='ltr' id='par_1_9' title="bbox 261 1447 2254 1588">
     <span class='ocr_line' id='line_1_13' title="bbox 261 1447 2254 1588; baseline 0.004 -52"><span class='ocrx_word' id='word_1_126' title='bbox 261 1469 413 1552; x_wconf 90' lang='lat' dir='ltr'>collapsis</span> <span class='ocrx_word' id='word_1_127' title='bbox 446 1468 579 1553; x_wconf 82' lang='lat' dir='ltr'>synodis</span> <span class='ocrx_word' id='word_1_128' title='bbox 612 1491 707 1535; x_wconf 90' lang='lat' dir='ltr'>omne</span> <span class='ocrx_word' id='word_1_129' title='bbox 739 1470 838 1536; x_wconf 91' lang='lat' dir='ltr'>simul</span> <span class='ocrx_word' id='word_1_130' title='bbox 865 1471 1020 1537; x_wconf 91' lang='lat' dir='ltr'>ecclesiae</span> <span class='ocrx_word' id='word_1_131' title='bbox 1052 1470 1235 1537; x_wconf 89' lang='lat' dir='ltr'>aedificium</span> <span class='ocrx_word' id='word_1_132' title='bbox 1286 1449 1745 1576; x_wconf 36' lang='lat' dir='ltr'>{fdfss76ssg3&#39;0giglgffimpff&#39;9igj</span> <span class='ocrx_word' id='word_1_133' title='bbox 1763 1448 2019 1588; x_wconf 39' lang='lat' dir='ltr'>cffl&#39;blelyfffi</span> <span class='ocrx_word' id='word_1_134' title='bbox 2034 1447 2254 1572; x_wconf 43' lang='lat' dir='ltr'>{lffiafioviffi</span> 
     </span>
    </p>
   </div>
   <div class='ocr_carea' id='block_1_4' title="bbox 261 1555 2204 1705">
    <p class='ocr_par' dir='ltr' id='par_1_10' title="bbox 261 1555 2204 1705">
     <span class='ocr_line' id='line_1_14' title="bbox 261 1555 2204 1705; baseline 0.001 -86"><span class='ocrx_word' id='word_1_135' title='bbox 261 1555 419 1705; x_wconf 51' lang='lat' dir='ltr'>paulatim</span> <span class='ocrx_word' id='word_1_136' title='bbox 438 1556 598 1620; x_wconf 78' lang='lat' dir='ltr'>corruisse</span> <span class='ocrx_word' id='word_1_137' title='bbox 621 1565 758 1634; x_wconf 86' lang='lat' dir='ltr'>constat,</span> <span class='ocrx_word' id='word_1_138' title='bbox 781 1556 874 1623; x_wconf 90' lang='lat' dir='ltr'>culus</span> <span class='ocrx_word' id='word_1_139' title='bbox 896 1558 1026 1622; x_wconf 91' lang='lat' dir='ltr'>ruinam</span> <span class='ocrx_word' id='word_1_140' title='bbox 1047 1555 1140 1621; x_wconf 89' lang='lat' dir='ltr'>nulla</span> <span class='ocrx_word' id='word_1_141' title='bbox 1166 1576 1235 1619; x_wconf 92' lang='lat' dir='ltr'>me·</span> <span class='ocrx_word' id='word_1_142' title='bbox 1346 1589 1467 1658; x_wconf 80' lang='lat' dir='ltr'>praefert</span> <span class='ocrx_word' id='word_1_143' title='bbox 1483 1589 1700 1659; x_wconf 80' lang='lat' dir='ltr'>inscriptionem:</span> <span class='ocrx_word' id='word_1_144' title='bbox 1719 1587 1757 1642; x_wconf 36' lang='lat' dir='ltr'>D·</span> <span class='ocrx_word' id='word_1_145' title='bbox 1778 1588 1891 1643; x_wconf 60' lang='lat' dir='ltr'>caym</span> <span class='ocrx_word' id='word_1_146' title='bbox 1909 1586 2087 1655; x_wconf 53' lang='lat' dir='ltr'>Bupfwm</span> <span class='ocrx_word' id='word_1_147' title='bbox 2107 1585 2135 1640; x_wconf 51' lang='lat'>3,</span> <span class='ocrx_word' id='word_1_148' title='bbox 2186 1587 2204 1650; x_wconf 66' lang='lat' dir='ltr'>y</span> 
     </span>
    </p>
   </div>
   <div class='ocr_carea' id='block_1_5' title="bbox 277 1641 1236 1722">
    <p class='ocr_par' dir='ltr' id='par_1_11' title="bbox 277 1641 1236 1722">
     <span class='ocr_line' id='line_1_15' title="bbox 277 1641 1236 1722; baseline -0.001 -16"><span class='ocrx_word' id='word_1_149' title='bbox 277 1641 342 1706; x_wconf 89' lang='lat' dir='ltr'>&#39;cre</span> <span class='ocrx_word' id='word_1_150' title='bbox 380 1641 509 1706; x_wconf 88' lang='lat' dir='ltr'>ratione</span> <span class='ocrx_word' id='word_1_151' title='bbox 549 1641 726 1706; x_wconf 89' lang='lat' dir='ltr'>instaurari</span> <span class='ocrx_word' id='word_1_152' title='bbox 765 1662 860 1722; x_wconf 91' lang='lat' dir='ltr'>posse</span> <span class='ocrx_word' id='word_1_153' title='bbox 898 1642 1015 1708; x_wconf 92' lang='lat' dir='ltr'>iudico.</span> <span class='ocrx_word' id='word_1_154' title='bbox 1077 1642 1236 1715; x_wconf 78' lang='lat' dir='ltr'>Instituta</span> 
     </span>
    </p>
   </div>
   <div class='ocr_carea' id='block_1_6' title="bbox 264 1726 2252 1824">
    <p class='ocr_par' dir='ltr' id='par_1_12' title="bbox 264 1726 2252 1824">
     <span class='ocr_line' id='line_1_16' title="bbox 264 1726 2252 1824; baseline 0 -32"><span class='ocrx_word' id='word_1_155' title='bbox 264 1726 366 1792; x_wconf 91' lang='lat' dir='ltr'>semel</span> <span class='ocrx_word' id='word_1_156' title='bbox 384 1735 482 1809; x_wconf 89' lang='lat' dir='ltr'>atque</span> <span class='ocrx_word' id='word_1_157' title='bbox 494 1728 612 1791; x_wconf 88' lang='lat' dir='ltr'>iterum</span> <span class='ocrx_word' id='word_1_158' title='bbox 629 1726 828 1809; x_wconf 91' lang='lat' dir='ltr'>colloquutio</span> <span class='ocrx_word' id='word_1_159' title='bbox 839 1749 907 1793; x_wconf 94' lang='lat' dir='ltr'>non</span> <span class='ocrx_word' id='word_1_160' title='bbox 917 1727 1054 1792; x_wconf 87' lang='lat' dir='ltr'>feliciter</span> <span class='ocrx_word' id='word_1_161' title='bbox 1073 1728 1237 1805; x_wconf 89' lang='lat' dir='ltr'>successit,</span> <span class='ocrx_word' id='word_1_162' title='bbox 1372 1758 1563 1824; x_wconf 60' lang='lat' dir='ltr'>Clarissimo</span> <span class='ocrx_word' id='word_1_163' title='bbox 1581 1760 1652 1824; x_wconf 59' lang='lat' dir='ltr'><strong>viro</strong></span> <span class='ocrx_word' id='word_1_164' title='bbox 1674 1759 1715 1824; x_wconf 72' lang='lat' dir='ltr'>D⁸</span> <span class='ocrx_word' id='word_1_165' title='bbox 1738 1758 1855 1823; x_wconf 56' lang='lat' dir='ltr'>Ioanni</span> <span class='ocrx_word' id='word_1_166' title='bbox 1884 1758 2024 1823; x_wconf 58' lang='lat' dir='ltr'><strong>calvino</strong></span> <span class='ocrx_word' id='word_1_167' title='bbox 2052 1758 2252 1824; x_wconf 58' lang='lat' dir='ltr'>Genevemifl</span> 
     </span>
    </p>
   </div>
   <div class='ocr_carea' id='block_1_7' title="bbox 261 1811 2326 1997">
    <p class='ocr_par' dir='ltr' id='par_1_13' title="bbox 261 1811 2326 1997">
     <span class='ocr_line' id='line_1_17' title="bbox 261 1811 2326 1962; baseline 0 -55"><span class='ocrx_word' id='word_1_168' title='bbox 261 1821 344 1962; x_wconf 37' lang='lat'>2⁰⁰³</span> <span class='ocrx_word' id='word_1_169' title='bbox 369 1831 566 1911; x_wconf 79' lang='lat' dir='ltr'>quamquam</span> <span class='ocrx_word' id='word_1_170' title='bbox 587 1813 733 1912; x_wconf 54' lang='lat' dir='ltr'><strong>smmi?</strong></span> <span class='ocrx_word' id='word_1_171' title='bbox 755 1811 851 1896; x_wconf 68' lang='lat' dir='ltr'>¹⁰¹¹g³</span> <span class='ocrx_word' id='word_1_172' title='bbox 872 1813 987 1879; x_wconf 52' lang='lat' dir='ltr'><strong>fumet</strong></span> <span class='ocrx_word' id='word_1_173' title='bbox 1015 1811 1147 1912; x_wconf 53' lang='lat' dir='ltr'>”blm</span> <span class='ocrx_word' id='word_1_174' title='bbox 1167 1814 1237 1877; x_wconf 68' lang='lat' dir='ltr'><strong>⁰iu⁸</strong></span> <span class='ocrx_word' id='word_1_175' title='bbox 1287 1845 1440 1912; x_wconf 88' lang='lat' dir='ltr'>ecclesiae</span> <span class='ocrx_word' id='word_1_176' title='bbox 1462 1845 1584 1928; x_wconf 88' lang='lat' dir='ltr'>pastori</span> <span class='ocrx_word' id='word_1_177' title='bbox 1604 1843 1791 1909; x_wconf 88' lang='lat' dir='ltr'>lidehssimo</span> <span class='ocrx_word' id='word_1_178' title='bbox 1814 1842 1944 1908; x_wconf 93' lang='lat' dir='ltr'>domino</span> <span class='ocrx_word' id='word_1_179' title='bbox 1974 1843 2203 1910; x_wconf 88' lang='lat' dir='ltr'>colendissimo</span> <span class='ocrx_word' id='word_1_180' title='bbox 2224 1853 2253 1908; x_wconf 90' lang='lat' dir='ltr'>et</span> <span class='ocrx_word' id='word_1_181' title='bbox 2322 1864 2326 1876; x_wconf 92' lang='lat'><em>·</em></span> 
     </span>
     <span class='ocr_line' id='line_1_18' title="bbox 315 1898 1579 1997; baseline 0.002 -34"><span class='ocrx_word' id='word_1_182' title='bbox 315 1905 398 1974; x_wconf 90' lang='lat' dir='ltr'>ctus,</span> <span class='ocrx_word' id='word_1_183' title='bbox 421 1918 450 1961; x_wconf 87' lang='lat' dir='ltr'>sr</span> <span class='ocrx_word' id='word_1_184' title='bbox 472 1907 552 1961; x_wconf 76' lang='lat' dir='ltr'>satis</span> <span class='ocrx_word' id='word_1_185' title='bbox 575 1906 768 1980; x_wconf 84' lang='lat' dir='ltr'>tempestrve</span> <span class='ocrx_word' id='word_1_186' title='bbox 793 1898 833 1962; x_wconf 90' lang='lat' dir='ltr'>ad</span> <span class='ocrx_word' id='word_1_187' title='bbox 856 1898 919 1964; x_wconf 92' lang='lat' dir='ltr'>hoc</span> <span class='ocrx_word' id='word_1_188' title='bbox 948 1898 1127 1964; x_wconf 75' lang='lat' dir='ltr'>remedium</span> <span class='ocrx_word' id='word_1_189' title='bbox 1156 1919 1236 1964; x_wconf 82' lang='lat' dir='ltr'>ven·</span> <span class='ocrx_word' id='word_1_190' title='bbox 1286 1930 1382 1996; x_wconf 52' lang='lat' dir='ltr'><strong>fratri</strong></span> <span class='ocrx_word' id='word_1_191' title='bbox 1404 1932 1579 1997; x_wconf 42' lang='lat' dir='ltr'><strong>carissimo·</strong></span> 
     </span>
    </p>
   </div>
   <div class='ocr_carea' id='block_1_8' title="bbox 241 1981 2257 4292">
    <p class='ocr_par' dir='ltr' id='par_1_14' title="bbox 241 1981 2257 4292">
     <span class='ocr_line' id='line_1_19' title="bbox 260 1981 1235 2066; baseline -0.001 -19"><span class='ocrx_word' id='word_1_192' title='bbox 260 1992 332 2047; x_wconf 88' lang='lat' dir='ltr'>tum</span> <span class='ocrx_word' id='word_1_193' title='bbox 364 1992 458 2047; x_wconf 89' lang='lat' dir='ltr'>esset.</span> <span class='ocrx_word' id='word_1_194' title='bbox 519 1981 586 2048; x_wconf 82' lang='lat' dir='ltr'>Sed</span> <span class='ocrx_word' id='word_1_195' title='bbox 624 2005 665 2048; x_wconf 92' lang='lat' dir='ltr'>ne</span> <span class='ocrx_word' id='word_1_196' title='bbox 699 1983 746 2049; x_wconf 93' lang='lat' dir='ltr'>sio</span> <span class='ocrx_word' id='word_1_197' title='bbox 783 1982 914 2066; x_wconf 92' lang='lat' dir='ltr'>quidem</span> <span class='ocrx_word' id='word_1_198' title='bbox 943 1991 1053 2049; x_wconf 88' lang='lat' dir='ltr'>tamen</span> <span class='ocrx_word' id='word_1_199' title='bbox 1086 1983 1235 2048; x_wconf 89' lang='lat' dir='ltr'>inutilem</span> 
     </span>
     <span class='ocr_line' id='line_1_20' title="bbox 261 2066 2173 2147; baseline -0.001 -15"><span class='ocrx_word' id='word_1_200' title='bbox 261 2067 363 2133; x_wconf 76' lang='lat' dir='ltr'>tuisse</span> <span class='ocrx_word' id='word_1_201' title='bbox 385 2066 501 2133; x_wconf 91' lang='lat' dir='ltr'>iudico.</span> <span class='ocrx_word' id='word_1_202' title='bbox 551 2069 633 2133; x_wconf 81' lang='lat' dir='ltr'>llsto</span> <span class='ocrx_word' id='word_1_203' title='bbox 667 2079 787 2147; x_wconf 89' lang='lat' dir='ltr'>tamen,</span> <span class='ocrx_word' id='word_1_204' title='bbox 817 2092 896 2134; x_wconf 91' lang='lat' dir='ltr'>num</span> <span class='ocrx_word' id='word_1_205' title='bbox 926 2069 1047 2135; x_wconf 87' lang='lat' dir='ltr'>idcirco</span> <span class='ocrx_word' id='word_1_206' title='bbox 1072 2091 1138 2134; x_wconf 94' lang='lat' dir='ltr'>non</span> <span class='ocrx_word' id='word_1_207' title='bbox 1162 2076 1236 2133; x_wconf 92' lang='lat' dir='ltr'>ten·</span> <span class='ocrx_word' id='word_1_208' title='bbox 2060 2066 2173 2131; x_wconf 85' lang='lat' dir='ltr'>chff.</span> 
     </span>
     <span class='ocr_line' id='line_1_21' title="bbox 261 2152 1235 2237; baseline 0.001 -20"><span class='ocrx_word' id='word_1_209' title='bbox 261 2152 385 2217; x_wconf 82' lang='lat' dir='ltr'>tanda?</span> <span class='ocrx_word' id='word_1_210' title='bbox 430 2152 539 2233; x_wconf 81' lang='lat' dir='ltr'>Quam</span> <span class='ocrx_word' id='word_1_211' title='bbox 562 2152 647 2218; x_wconf 91' lang='lat' dir='ltr'>male</span> <span class='ocrx_word' id='word_1_212' title='bbox 669 2153 776 2220; x_wconf 90' lang='lat' dir='ltr'>adhuc</span> <span class='ocrx_word' id='word_1_213' title='bbox 798 2156 954 2221; x_wconf 90' lang='lat' dir='ltr'>successit</span> <span class='ocrx_word' id='word_1_214' title='bbox 975 2154 1179 2237; x_wconf 88' lang='lat' dir='ltr'>praeclarum</span> <span class='ocrx_word' id='word_1_215' title='bbox 1202 2157 1235 2219; x_wconf 93' lang='lat' dir='ltr'>in</span> 
     </span>
     <span class='ocr_line' id='line_1_22' title="bbox 261 2236 2251 2325; baseline -0.002 -22"><span class='ocrx_word' id='word_1_216' title='bbox 261 2237 354 2304; x_wconf 92' lang='lat' dir='ltr'>libris</span> <span class='ocrx_word' id='word_1_217' title='bbox 373 2238 552 2304; x_wconf 89' lang='lat' dir='ltr'>scribendis</span> <span class='ocrx_word' id='word_1_218' title='bbox 574 2238 834 2305; x_wconf 83' lang='lat' dir='ltr'>doctissimorum</span> <span class='ocrx_word' id='word_1_219' title='bbox 858 2250 890 2305; x_wconf 90' lang='lat' dir='ltr'>et</span> <span class='ocrx_word' id='word_1_220' title='bbox 908 2242 1107 2325; x_wconf 90' lang='lat' dir='ltr'>optimorum</span> <span class='ocrx_word' id='word_1_221' title='bbox 1130 2241 1235 2304; x_wconf 92' lang='lat' dir='ltr'>homi·</span> <span class='ocrx_word' id='word_1_222' title='bbox 1374 2236 1408 2301; x_wconf 80' lang='lat' dir='ltr'>S.</span> <span class='ocrx_word' id='word_1_223' title='bbox 1428 2238 1469 2301; x_wconf 89' lang='grc' dir='ltr'>Ι).</span> <span class='ocrx_word' id='word_1_224' title='bbox 1493 2238 1578 2321; x_wconf 83' lang='lat' dir='ltr'>Legi</span> <span class='ocrx_word' id='word_1_225' title='bbox 1590 2259 1710 2321; x_wconf 85' lang='lat' dir='ltr'>magna</span> <span class='ocrx_word' id='word_1_226' title='bbox 1725 2238 1895 2302; x_wconf 89' lang='lat' dir='ltr'>alacritate</span> <span class='ocrx_word' id='word_1_227' title='bbox 1906 2236 2026 2302; x_wconf 89' lang='lat' dir='ltr'>librum</span> <span class='ocrx_word' id='word_1_228' title='bbox 2049 2249 2145 2302; x_wconf 91' lang='lat' dir='ltr'>tuum</span> <span class='ocrx_word' id='word_1_229' title='bbox 2157 2238 2251 2319; x_wconf 79' lang='lat' dir='ltr'>scrip</span> 
     </span>
     <span class='ocr_line' id='line_1_23' title="bbox 261 2321 2252 2406; baseline -0.001 -18"><span class='ocrx_word' id='word_1_230' title='bbox 261 2345 342 2389; x_wconf 91' lang='lat' dir='ltr'>num</span> <span class='ocrx_word' id='word_1_231' title='bbox 364 2324 533 2389; x_wconf 82' lang='lat' dir='ltr'>studium?</span> <span class='ocrx_word' id='word_1_232' title='bbox 569 2325 618 2388; x_wconf 89' lang='lat' dir='ltr'>lta</span> <span class='ocrx_word' id='word_1_233' title='bbox 640 2327 728 2389; x_wconf 91' lang='lat' dir='ltr'>enim</span> <span class='ocrx_word' id='word_1_234' title='bbox 751 2326 938 2390; x_wconf 90' lang='lat' dir='ltr'>incondium</span> <span class='ocrx_word' id='word_1_235' title='bbox 959 2326 1030 2404; x_wconf 90' lang='lat' dir='ltr'>hoe,</span> <span class='ocrx_word' id='word_1_236' title='bbox 1053 2347 1119 2389; x_wconf 93' lang='lat' dir='ltr'>non</span> <span class='ocrx_word' id='word_1_237' title='bbox 1141 2324 1236 2390; x_wconf 91' lang='lat' dir='ltr'>modo</span> <span class='ocrx_word' id='word_1_238' title='bbox 1287 2332 1355 2386; x_wconf 88' lang='lat' dir='ltr'>tum</span> <span class='ocrx_word' id='word_1_239' title='bbox 1380 2322 1538 2388; x_wconf 79' lang='lat' dir='ltr'>adversus</span> <span class='ocrx_word' id='word_1_240' title='bbox 1560 2322 1718 2400; x_wconf 81' lang='lat' dir='ltr'>Saxones,</span> <span class='ocrx_word' id='word_1_241' title='bbox 1750 2345 1787 2388; x_wconf 88' lang='lat' dir='ltr'>ac</span> <span class='ocrx_word' id='word_1_242' title='bbox 1816 2325 1903 2387; x_wconf 87' lang='lat' dir='ltr'>inter</span> <span class='ocrx_word' id='word_1_243' title='bbox 1925 2322 2101 2406; x_wconf 79' lang='lat' dir='ltr'>legendum</span> <span class='ocrx_word' id='word_1_244' title='bbox 2132 2332 2166 2386; x_wconf 93' lang='lat' dir='ltr'>et</span> <span class='ocrx_word' id='word_1_245' title='bbox 2187 2321 2252 2386; x_wconf 90' lang='lat' dir='ltr'>Deo</span> 
     </span>
     <span class='ocr_line' id='line_1_24' title="bbox 260 2408 2257 2494; baseline -0.001 -21"><span class='ocrx_word' id='word_1_246' title='bbox 260 2431 328 2474; x_wconf 94' lang='lat' dir='ltr'>non</span> <span class='ocrx_word' id='word_1_247' title='bbox 349 2412 541 2475; x_wconf 88' lang='lat' dir='ltr'>restinctum</span> <span class='ocrx_word' id='word_1_248' title='bbox 565 2408 622 2474; x_wconf 93' lang='lat' dir='ltr'>sed</span> <span class='ocrx_word' id='word_1_249' title='bbox 644 2411 743 2474; x_wconf 86' lang='lat' dir='ltr'>etiam</span> <span class='ocrx_word' id='word_1_250' title='bbox 762 2431 935 2476; x_wconf 88' lang='lat' dir='ltr'>accensum</span> <span class='ocrx_word' id='word_1_251' title='bbox 956 2412 1065 2490; x_wconf 74' lang='lat' dir='ltr'>finisse,</span> <span class='ocrx_word' id='word_1_252' title='bbox 1096 2421 1129 2475; x_wconf 92' lang='lat' dir='ltr'>et</span> <span class='ocrx_word' id='word_1_253' title='bbox 1158 2433 1236 2494; x_wconf 92' lang='lat' dir='ltr'>quo·</span> <span class='ocrx_word' id='word_1_254' title='bbox 1287 2419 1320 2473; x_wconf 92' lang='lat' dir='ltr'>et</span> <span class='ocrx_word' id='word_1_255' title='bbox 1343 2409 1399 2473; x_wconf 87' lang='lat' dir='ltr'>tibi</span> <span class='ocrx_word' id='word_1_256' title='bbox 1420 2408 1544 2492; x_wconf 86' lang='lat' dir='ltr'>gratias</span> <span class='ocrx_word' id='word_1_257' title='bbox 1567 2411 1618 2492; x_wconf 81' lang='lat' dir='ltr'>egi</span> <span class='ocrx_word' id='word_1_258' title='bbox 1641 2409 1808 2492; x_wconf 89' lang='lat' dir='ltr'>plurimas,</span> <span class='ocrx_word' id='word_1_259' title='bbox 1838 2418 1871 2473; x_wconf 91' lang='lat' dir='ltr'>et</span> <span class='ocrx_word' id='word_1_260' title='bbox 1899 2429 1960 2491; x_wconf 84' lang='lat' dir='ltr'>ago</span> <span class='ocrx_word' id='word_1_261' title='bbox 1988 2411 2167 2472; x_wconf 85' lang='lat' dir='ltr'>etiamnum</span> <span class='ocrx_word' id='word_1_262' title='bbox 2195 2429 2257 2472; x_wconf 86' lang='lat' dir='ltr'>ma·</span> 
     </span>
     <span class='ocr_line' id='line_1_25' title="bbox 261 2493 2256 2577; baseline -0.001 -18"><span class='ocrx_word' id='word_1_263' title='bbox 261 2494 341 2560; x_wconf 91' lang='lat' dir='ltr'>tidie</span> <span class='ocrx_word' id='word_1_264' title='bbox 364 2496 469 2575; x_wconf 81' lang='lat' dir='ltr'>magis</span> <span class='ocrx_word' id='word_1_265' title='bbox 492 2517 529 2560; x_wconf 91' lang='lat' dir='ltr'>ac</span> <span class='ocrx_word' id='word_1_266' title='bbox 547 2495 653 2576; x_wconf 86' lang='lat' dir='ltr'>magia</span> <span class='ocrx_word' id='word_1_267' title='bbox 675 2507 802 2561; x_wconf 87' lang='lat' dir='ltr'>constat</span> <span class='ocrx_word' id='word_1_268' title='bbox 824 2495 965 2562; x_wconf 90' lang='lat' dir='ltr'>accendi.</span> <span class='ocrx_word' id='word_1_269' title='bbox 1018 2496 1102 2577; x_wconf 80' lang='lat' dir='ltr'>Quis</span> <span class='ocrx_word' id='word_1_270' title='bbox 1124 2506 1235 2561; x_wconf 88' lang='lat' dir='ltr'>tamen</span> <span class='ocrx_word' id='word_1_271' title='bbox 1286 2494 1402 2558; x_wconf 82' lang='lat' dir='ltr'>ximus.</span> <span class='ocrx_word' id='word_1_272' title='bbox 1455 2494 1569 2560; x_wconf 86' lang='lat' dir='ltr'>Placet</span> <span class='ocrx_word' id='word_1_273' title='bbox 1596 2495 1683 2559; x_wconf 89' lang='lat' dir='ltr'>enim</span> <span class='ocrx_word' id='word_1_274' title='bbox 1706 2493 1796 2559; x_wconf 92' lang='lat' dir='ltr'>liber.</span> <span class='ocrx_word' id='word_1_275' title='bbox 1847 2493 1931 2558; x_wconf 91' lang='lat' dir='ltr'>Nolo</span> <span class='ocrx_word' id='word_1_276' title='bbox 1959 2493 2013 2558; x_wconf 92' lang='lat' dir='ltr'>hic</span> <span class='ocrx_word' id='word_1_277' title='bbox 2048 2494 2165 2559; x_wconf 88' lang='lat' dir='ltr'>laudes</span> <span class='ocrx_word' id='word_1_278' title='bbox 2189 2502 2256 2558; x_wconf 87' lang='lat' dir='ltr'>tuas</span> 
     </span>
     <span class='ocr_line' id='line_1_26' title="bbox 260 2577 2256 2663; baseline -0.002 -18"><span class='ocrx_word' id='word_1_279' title='bbox 260 2578 380 2645; x_wconf 90' lang='lat' dir='ltr'>idcirco</span> <span class='ocrx_word' id='word_1_280' title='bbox 401 2580 483 2644; x_wconf 91' lang='lat' dir='ltr'>nihil</span> <span class='ocrx_word' id='word_1_281' title='bbox 506 2578 723 2656; x_wconf 90' lang='lat' dir='ltr'>scribendum,</span> <span class='ocrx_word' id='word_1_282' title='bbox 745 2581 808 2647; x_wconf 87' lang='lat' dir='ltr'>nisi</span> <span class='ocrx_word' id='word_1_283' title='bbox 829 2603 964 2663; x_wconf 89' lang='lat' dir='ltr'>prorsus</span> <span class='ocrx_word' id='word_1_284' title='bbox 985 2584 1130 2658; x_wconf 90' lang='lat' dir='ltr'>insanus,</span> <span class='ocrx_word' id='word_1_285' title='bbox 1153 2581 1235 2647; x_wconf 91' lang='lat' dir='ltr'>iudi·</span> <span class='ocrx_word' id='word_1_286' title='bbox 1285 2581 1453 2644; x_wconf 86' lang='lat' dir='ltr'>infaciem</span> <span class='ocrx_word' id='word_1_287' title='bbox 1475 2580 1535 2645; x_wconf 88' lang='lat' dir='ltr'>tibi</span> <span class='ocrx_word' id='word_1_288' title='bbox 1564 2580 1710 2644; x_wconf 88' lang='lat' dir='ltr'>recitare.</span> <span class='ocrx_word' id='word_1_289' title='bbox 1762 2578 1836 2643; x_wconf 91' lang='lat' dir='ltr'>Non</span> <span class='ocrx_word' id='word_1_290' title='bbox 1864 2588 1976 2643; x_wconf 88' lang='lat' dir='ltr'>tamen</span> <span class='ocrx_word' id='word_1_291' title='bbox 1999 2577 2170 2644; x_wconf 84' lang='lat' dir='ltr'>defuturos</span> <span class='ocrx_word' id='word_1_292' title='bbox 2197 2580 2256 2643; x_wconf 89' lang='lat' dir='ltr'>scio</span> 
     </span>
     <span class='ocr_line' id='line_1_27' title="bbox 259 2662 2254 2751; baseline -0.001 -19"><span class='ocrx_word' id='word_1_293' title='bbox 259 2665 335 2732; x_wconf 84' lang='lat' dir='ltr'>cet?</span> <span class='ocrx_word' id='word_1_294' title='bbox 380 2664 548 2745; x_wconf 81' lang='lat' dir='ltr'>Quorsum</span> <span class='ocrx_word' id='word_1_295' title='bbox 571 2677 681 2730; x_wconf 87' lang='lat' dir='ltr'>autem</span> <span class='ocrx_word' id='word_1_296' title='bbox 703 2665 807 2732; x_wconf 79' lang='lat' dir='ltr'>haec?</span> <span class='ocrx_word' id='word_1_297' title='bbox 838 2667 973 2751; x_wconf 89' lang='lat' dir='ltr'>Nempe,</span> <span class='ocrx_word' id='word_1_298' title='bbox 996 2669 1043 2732; x_wconf 91' lang='lat' dir='ltr'>mi</span> <span class='ocrx_word' id='word_1_299' title='bbox 1064 2675 1168 2751; x_wconf 90' lang='lat' dir='ltr'>pater,</span> <span class='ocrx_word' id='word_1_300' title='bbox 1187 2678 1234 2747; x_wconf 91' lang='lat' dir='ltr'>ut,</span> <span class='ocrx_word' id='word_1_301' title='bbox 1286 2666 1342 2747; x_wconf 90' lang='lat' dir='ltr'>qui</span> <span class='ocrx_word' id='word_1_302' title='bbox 1376 2663 1534 2747; x_wconf 85' lang='lat' dir='ltr'>optabunt</span> <span class='ocrx_word' id='word_1_303' title='bbox 1565 2662 1692 2730; x_wconf 79' lang='lat' dir='ltr'>&#39;librum</span> <span class='ocrx_word' id='word_1_304' title='bbox 1732 2666 1890 2749; x_wconf 92' lang='lat' dir='ltr'>scriptum</span> <span class='ocrx_word' id='word_1_305' title='bbox 1930 2666 2048 2748; x_wconf 88' lang='lat' dir='ltr'>spiritu</span> <span class='ocrx_word' id='word_1_306' title='bbox 2089 2662 2254 2730; x_wconf 89' lang='lat' dir='ltr'>sedatiore.</span> 
     </span>
     <span class='ocr_line' id='line_1_28' title="bbox 261 2750 2255 2835; baseline -0.001 -20"><span class='ocrx_word' id='word_1_307' title='bbox 261 2751 417 2834; x_wconf 90' lang='lat' dir='ltr'>quoniam</span> <span class='ocrx_word' id='word_1_308' title='bbox 438 2750 527 2816; x_wconf 92' lang='lat' dir='ltr'>illius</span> <span class='ocrx_word' id='word_1_309' title='bbox 550 2750 700 2835; x_wconf 89' lang='lat' dir='ltr'>colloquii</span> <span class='ocrx_word' id='word_1_310' title='bbox 723 2774 811 2834; x_wconf 91' lang='lat' dir='ltr'>spem</span> <span class='ocrx_word' id='word_1_311' title='bbox 842 2774 908 2817; x_wconf 91' lang='lat' dir='ltr'>non</span> <span class='ocrx_word' id='word_1_312' title='bbox 930 2754 1041 2831; x_wconf 90' lang='lat' dir='ltr'>abieci,</span> <span class='ocrx_word' id='word_1_313' title='bbox 1072 2752 1133 2818; x_wconf 92' lang='lat' dir='ltr'>hoc</span> <span class='ocrx_word' id='word_1_314' title='bbox 1161 2764 1234 2819; x_wconf 93' lang='lat' dir='ltr'>ate</span> <span class='ocrx_word' id='word_1_315' title='bbox 1286 2751 1460 2815; x_wconf 81' lang='lat' dir='ltr'>(laetarum</span> <span class='ocrx_word' id='word_1_316' title='bbox 1491 2771 1554 2833; x_wconf 91' lang='lat' dir='ltr'>quo</span> <span class='ocrx_word' id='word_1_317' title='bbox 1585 2752 1766 2832; x_wconf 85' lang='lat' dir='ltr'>impensius</span> <span class='ocrx_word' id='word_1_318' title='bbox 1799 2751 1937 2816; x_wconf 86' lang='lat' dir='ltr'>affectus</span> <span class='ocrx_word' id='word_1_319' title='bbox 1969 2772 2043 2815; x_wconf 90' lang='lat' dir='ltr'>sum</span> <span class='ocrx_word' id='word_1_320' title='bbox 2072 2750 2255 2814; x_wconf 83' lang='lat' dir='ltr'>defensione</span> 
     </span>
     <span class='ocr_line' id='line_1_29' title="bbox 259 2835 2254 2923; baseline -0.002 -21"><span class='ocrx_word' id='word_1_321' title='bbox 259 2845 369 2920; x_wconf 87' lang='lat' dir='ltr'>petam</span> <span class='ocrx_word' id='word_1_322' title='bbox 393 2847 432 2901; x_wconf 88' lang='lat' dir='ltr'>ut</span> <span class='ocrx_word' id='word_1_323' title='bbox 447 2837 488 2901; x_wconf 69' lang='lat' dir='ltr'>&#39;in</span> <span class='ocrx_word' id='word_1_324' title='bbox 520 2835 606 2902; x_wconf 90' lang='lat' dir='ltr'>hanc</span> <span class='ocrx_word' id='word_1_325' title='bbox 625 2858 691 2901; x_wconf 88' lang='lat' dir='ltr'>rem</span> <span class='ocrx_word' id='word_1_326' title='bbox 726 2847 814 2903; x_wconf 89' lang='lat' dir='ltr'>totus</span> <span class='ocrx_word' id='word_1_327' title='bbox 846 2839 1027 2918; x_wconf 89' lang='lat' dir='ltr'>incumbas,</span> <span class='ocrx_word' id='word_1_328' title='bbox 1061 2861 1125 2923; x_wconf 89' lang='lat' dir='ltr'>qua</span> <span class='ocrx_word' id='word_1_329' title='bbox 1155 2861 1234 2905; x_wconf 89' lang='lat' dir='ltr'>sane</span> <span class='ocrx_word' id='word_1_330' title='bbox 1286 2836 1468 2900; x_wconf 90' lang='lat' dir='ltr'>communis</span> <span class='ocrx_word' id='word_1_331' title='bbox 1490 2857 1615 2913; x_wconf 90' lang='lat' dir='ltr'>causae,</span> <span class='ocrx_word' id='word_1_332' title='bbox 1637 2838 1683 2901; x_wconf 91' lang='lat' dir='ltr'>ita</span> <span class='ocrx_word' id='word_1_333' title='bbox 1704 2836 1818 2900; x_wconf 88' lang='lat' dir='ltr'>turbor</span> <span class='ocrx_word' id='word_1_334' title='bbox 1840 2837 1974 2920; x_wconf 84' lang='lat' dir='ltr'>gravius</span> <span class='ocrx_word' id='word_1_335' title='bbox 2003 2835 2090 2918; x_wconf 90' lang='lat' dir='ltr'>quod</span> <span class='ocrx_word' id='word_1_336' title='bbox 2112 2836 2254 2920; x_wconf 78' lang='lat' dir='ltr'>intelligo</span> 
     </span>
     <span class='ocr_line' id='line_1_30' title="bbox 259 2920 2253 3008; baseline -0.001 -21"><span class='ocrx_word' id='word_1_337' title='bbox 259 2921 373 2987; x_wconf 78' lang='lat' dir='ltr'>videre</span> <span class='ocrx_word' id='word_1_338' title='bbox 404 2944 468 2986; x_wconf 91' lang='lat' dir='ltr'>non</span> <span class='ocrx_word' id='word_1_339' title='bbox 491 2943 626 3004; x_wconf 89' lang='lat' dir='ltr'>possum</span> <span class='ocrx_word' id='word_1_340' title='bbox 647 2922 725 3006; x_wconf 92' lang='lat' dir='ltr'>quid</span> <span class='ocrx_word' id='word_1_341' title='bbox 758 2923 912 2990; x_wconf 88' lang='lat' dir='ltr'>ccclesiae</span> <span class='ocrx_word' id='word_1_342' title='bbox 944 2925 1009 2990; x_wconf 91' lang='lat' dir='ltr'>Dei</span> <span class='ocrx_word' id='word_1_343' title='bbox 1036 2924 1089 2990; x_wconf 83' lang='lat' dir='ltr'>vel</span> <span class='ocrx_word' id='word_1_344' title='bbox 1119 2925 1234 2991; x_wconf 90' lang='lat' dir='ltr'>utilius</span> <span class='ocrx_word' id='word_1_345' title='bbox 1287 2931 1318 2985; x_wconf 88' lang='lat' dir='ltr'>te</span> <span class='ocrx_word' id='word_1_346' title='bbox 1340 2923 1374 3008; x_wconf 75' lang='lat' dir='ltr'>in</span> <span class='ocrx_word' id='word_1_347' title='bbox 1400 2921 1587 3003; x_wconf 71' lang='lat' dir='ltr'>Philippum</span> <span class='ocrx_word' id='word_1_348' title='bbox 1608 2922 1709 2987; x_wconf 86' lang='lat' dir='ltr'>semel</span> <span class='ocrx_word' id='word_1_349' title='bbox 1727 2943 1857 2987; x_wconf 89' lang='lat' dir='ltr'>omnem</span> <span class='ocrx_word' id='word_1_350' title='bbox 1881 2933 1971 2986; x_wconf 89' lang='lat' dir='ltr'>tuam</span> <span class='ocrx_word' id='word_1_351' title='bbox 1993 2920 2137 3005; x_wconf 84' lang='lat' dir='ltr'>defigere</span> <span class='ocrx_word' id='word_1_352' title='bbox 2158 2942 2253 3005; x_wconf 91' lang='lat' dir='ltr'>spem,</span> 
     </span>
     <span class='ocr_line' id='line_1_31' title="bbox 261 3006 2253 3092; baseline 0 -19"><span class='ocrx_word' id='word_1_353' title='bbox 261 3008 315 3073; x_wconf 87' lang='lat' dir='ltr'>vel</span> <span class='ocrx_word' id='word_1_354' title='bbox 338 3009 443 3092; x_wconf 77' lang='lat' dir='ltr'>magis</span> <span class='ocrx_word' id='word_1_355' title='bbox 465 3009 685 3075; x_wconf 88' lang='lat' dir='ltr'>necessarium</span> <span class='ocrx_word' id='word_1_356' title='bbox 707 3011 811 3091; x_wconf 92' lang='lat' dir='ltr'>possit</span> <span class='ocrx_word' id='word_1_357' title='bbox 832 3010 974 3075; x_wconf 86' lang='lat' dir='ltr'>evenire.</span> <span class='ocrx_word' id='word_1_358' title='bbox 1285 3027 1322 3072; x_wconf 92' lang='lat' dir='ltr'>ac</span> <span class='ocrx_word' id='word_1_359' title='bbox 1344 3007 1453 3071; x_wconf 91' lang='lat' dir='ltr'>omnia</span> <span class='ocrx_word' id='word_1_360' title='bbox 1475 3007 1609 3072; x_wconf 92' lang='lat' dir='ltr'>consilia</span> <span class='ocrx_word' id='word_1_361' title='bbox 1631 3015 1689 3072; x_wconf 90' lang='lat' dir='ltr'>tua</span> <span class='ocrx_word' id='word_1_362' title='bbox 1710 3009 1745 3072; x_wconf 92' lang='lat' dir='ltr'>in</span> <span class='ocrx_word' id='word_1_363' title='bbox 1767 3008 1861 3072; x_wconf 93' lang='lat' dir='ltr'>illum</span> <span class='ocrx_word' id='word_1_364' title='bbox 1880 3006 2029 3091; x_wconf 82' lang='lat' dir='ltr'>dirigere.</span> <span class='ocrx_word' id='word_1_365' title='bbox 2045 3008 2070 3091; x_wconf 89' lang='lat'>¹)</span> <span class='ocrx_word' id='word_1_366' title='bbox 2105 3008 2253 3091; x_wconf 81' lang='lat' dir='ltr'>Agnosco</span> 
     </span>
     <span class='ocr_line' id='line_1_32' title="bbox 346 3091 2254 3174; baseline -0.001 -16"><span class='ocrx_word' id='word_1_367' title='bbox 346 3091 413 3158; x_wconf 84' lang='lat' dir='ltr'>Sed</span> <span class='ocrx_word' id='word_1_368' title='bbox 447 3092 486 3158; x_wconf 90' lang='lat' dir='ltr'>de</span> <span class='ocrx_word' id='word_1_369' title='bbox 515 3093 567 3158; x_wconf 94' lang='lat' dir='ltr'>his</span> <span class='ocrx_word' id='word_1_370' title='bbox 599 3093 766 3160; x_wconf 90' lang='lat' dir='ltr'>hactenus.</span> <span class='ocrx_word' id='word_1_371' title='bbox 822 3095 875 3160; x_wconf 84' lang='lat' dir='ltr'>Ad</span> <span class='ocrx_word' id='word_1_372' title='bbox 908 3096 1095 3161; x_wconf 86' lang='lat' dir='ltr'>institutum</span> <span class='ocrx_word' id='word_1_373' title='bbox 1127 3097 1233 3162; x_wconf 90' lang='lat' dir='ltr'>redeo.</span> <span class='ocrx_word' id='word_1_374' title='bbox 1289 3092 1477 3174; x_wconf 71' lang='lat' dir='ltr'>Philippum</span> <span class='ocrx_word' id='word_1_375' title='bbox 1508 3093 1618 3159; x_wconf 82' lang='lat' dir='ltr'>virum</span> <span class='ocrx_word' id='word_1_376' title='bbox 1657 3113 1727 3158; x_wconf 92' lang='lat' dir='ltr'>esse</span> <span class='ocrx_word' id='word_1_377' title='bbox 1760 3093 1898 3172; x_wconf 91' lang='lat' dir='ltr'>bonum,</span> <span class='ocrx_word' id='word_1_378' title='bbox 1932 3092 1988 3158; x_wconf 90' lang='lat' dir='ltr'>sed</span> <span class='ocrx_word' id='word_1_379' title='bbox 2020 3092 2197 3169; x_wconf 84' lang='lat' dir='ltr'>hominem,</span> <span class='ocrx_word' id='word_1_380' title='bbox 2224 3098 2254 3156; x_wconf 93' lang='lat' dir='ltr'>et</span> 
     </span>
     <span class='ocr_line' id='line_1_33' title="bbox 259 3177 2253 3266; baseline -0.001 -22"><span class='ocrx_word' id='word_1_381' title='bbox 259 3178 372 3244; x_wconf 89' lang='lat' dir='ltr'>Habes</span> <span class='ocrx_word' id='word_1_382' title='bbox 394 3179 473 3244; x_wconf 86' lang='lat' dir='ltr'>facti</span> <span class='ocrx_word' id='word_1_383' title='bbox 490 3178 594 3244; x_wconf 88' lang='lat' dir='ltr'>nostri</span> <span class='ocrx_word' id='word_1_384' title='bbox 608 3179 777 3257; x_wconf 89' lang='lat' dir='ltr'>rationem,</span> <span class='ocrx_word' id='word_1_385' title='bbox 801 3201 898 3262; x_wconf 89' lang='lat' dir='ltr'>quem</span> <span class='ocrx_word' id='word_1_386' title='bbox 922 3181 951 3245; x_wconf 90' lang='lat' dir='ltr'>si</span> <span class='ocrx_word' id='word_1_387' title='bbox 962 3182 1118 3264; x_wconf 89' lang='lat' dir='ltr'>probaris,</span> <span class='ocrx_word' id='word_1_388' title='bbox 1142 3204 1232 3266; x_wconf 82' lang='lat' dir='ltr'>mag-</span> <span class='ocrx_word' id='word_1_389' title='bbox 1287 3177 1417 3261; x_wconf 91' lang='lat' dir='ltr'>quidem</span> <span class='ocrx_word' id='word_1_390' title='bbox 1435 3178 1672 3257; x_wconf 89' lang='lat' dir='ltr'>meticulosum,</span> <span class='ocrx_word' id='word_1_391' title='bbox 1695 3179 1750 3262; x_wconf 90' lang='lat' dir='ltr'>qui</span> <span class='ocrx_word' id='word_1_392' title='bbox 1769 3193 1807 3242; x_wconf 88' lang='lat' dir='ltr'>ut</span> <span class='ocrx_word' id='word_1_393' title='bbox 1828 3179 1951 3244; x_wconf 88' lang='lat' dir='ltr'>centies</span> <span class='ocrx_word' id='word_1_394' title='bbox 1969 3179 2205 3244; x_wconf 85' lang='lat' dir='ltr'>conveniamus</span> <span class='ocrx_word' id='word_1_395' title='bbox 2223 3184 2253 3243; x_wconf 90' lang='lat' dir='ltr'>et</span> 
     </span>
     <span class='ocr_line' id='line_1_34' title="bbox 259 3262 2254 3347; baseline -0.002 -17"><span class='ocrx_word' id='word_1_396' title='bbox 259 3286 336 3330; x_wconf 90' lang='lat' dir='ltr'>nam</span> <span class='ocrx_word' id='word_1_397' title='bbox 359 3286 438 3328; x_wconf 91' lang='lat' dir='ltr'>sane</span> <span class='ocrx_word' id='word_1_398' title='bbox 470 3264 655 3332; x_wconf 86' lang='lat' dir='ltr'>molestiam</span> <span class='ocrx_word' id='word_1_399' title='bbox 687 3265 769 3330; x_wconf 87' lang='lat' dir='ltr'>mihi</span> <span class='ocrx_word' id='word_1_400' title='bbox 795 3264 1002 3332; x_wconf 89' lang='lat' dir='ltr'>absterseris:</span> <span class='ocrx_word' id='word_1_401' title='bbox 1034 3267 1085 3333; x_wconf 93' lang='lat' dir='ltr'>sin</span> <span class='ocrx_word' id='word_1_402' title='bbox 1114 3270 1233 3346; x_wconf 91' lang='lat' dir='ltr'>minus,</span> <span class='ocrx_word' id='word_1_403' title='bbox 1286 3263 1508 3346; x_wconf 90' lang='lat' dir='ltr'>colloquamur</span> <span class='ocrx_word' id='word_1_404' title='bbox 1529 3285 1697 3347; x_wconf 91' lang='lat' dir='ltr'>uunquam</span> <span class='ocrx_word' id='word_1_405' title='bbox 1716 3265 1835 3330; x_wconf 90' lang='lat' dir='ltr'>nostris</span> <span class='ocrx_word' id='word_1_406' title='bbox 1853 3263 1997 3330; x_wconf 88' lang='lat' dir='ltr'>ecclesiis</span> <span class='ocrx_word' id='word_1_407' title='bbox 2014 3274 2148 3328; x_wconf 91' lang='lat' dir='ltr'>tantum</span> <span class='ocrx_word' id='word_1_408' title='bbox 2171 3262 2254 3329; x_wconf 90' lang='lat' dir='ltr'>dabit</span> 
     </span>
     <span class='ocr_line' id='line_1_35' title="bbox 241 3349 2252 3434; baseline -0.001 -20"><span class='ocrx_word' id='word_1_409' title='bbox 241 3370 356 3434; x_wconf 90' lang='lat' dir='ltr'>-spero</span> <span class='ocrx_word' id='word_1_410' title='bbox 378 3359 489 3414; x_wconf 88' lang='lat' dir='ltr'>tamen</span> <span class='ocrx_word' id='word_1_411' title='bbox 509 3349 594 3416; x_wconf 91' lang='lat' dir='ltr'>hauc</span> <span class='ocrx_word' id='word_1_412' title='bbox 616 3351 826 3434; x_wconf 90' lang='lat' dir='ltr'>scriptionem</span> <span class='ocrx_word' id='word_1_413' title='bbox 848 3352 903 3417; x_wconf 85' lang='lat' dir='ltr'>vel</span> <span class='ocrx_word' id='word_1_414' title='bbox 932 3373 969 3416; x_wconf 92' lang='lat' dir='ltr'>eo</span> <span class='ocrx_word' id='word_1_415' title='bbox 992 3354 1124 3418; x_wconf 91' lang='lat' dir='ltr'>nomine</span> <span class='ocrx_word' id='word_1_416' title='bbox 1152 3353 1234 3418; x_wconf 90' lang='lat' dir='ltr'>mihi</span> <span class='ocrx_word' id='word_1_417' title='bbox 1285 3350 1490 3415; x_wconf 90' lang='lat' dir='ltr'>commodum</span> <span class='ocrx_word' id='word_1_418' title='bbox 1509 3357 1667 3430; x_wconf 89' lang='lat' dir='ltr'>quantum</span> <span class='ocrx_word' id='word_1_419' title='bbox 1686 3349 1892 3432; x_wconf 89' lang='lat' dir='ltr'>colloquium,</span> <span class='ocrx_word' id='word_1_420' title='bbox 1915 3369 1983 3414; x_wconf 94' lang='lat' dir='ltr'>non</span> <span class='ocrx_word' id='word_1_421' title='bbox 2000 3369 2074 3414; x_wconf 90' lang='lat' dir='ltr'>cum</span> <span class='ocrx_word' id='word_1_422' title='bbox 2099 3349 2252 3431; x_wconf 81' lang='lat' dir='ltr'>Philippo,</span> 
     </span>
     <span class='ocr_line' id='line_1_36' title="bbox 259 3433 2252 3520; baseline 0 -21"><span class='ocrx_word' id='word_1_423' title='bbox 259 3456 326 3500; x_wconf 92' lang='lat' dir='ltr'>non</span> <span class='ocrx_word' id='word_1_424' title='bbox 347 3436 417 3500; x_wconf 83' lang='lat' dir='ltr'>fore</span> <span class='ocrx_word' id='word_1_425' title='bbox 439 3434 677 3519; x_wconf 81' lang='lat' dir='ltr'>infrugiferam,</span> <span class='ocrx_word' id='word_1_426' title='bbox 698 3436 782 3520; x_wconf 91' lang='lat' dir='ltr'>qnod</span> <span class='ocrx_word' id='word_1_427' title='bbox 802 3439 1003 3503; x_wconf 89' lang='lat' dir='ltr'>occasionem</span> <span class='ocrx_word' id='word_1_428' title='bbox 1025 3438 1123 3504; x_wconf 90' lang='lat' dir='ltr'>istius</span> <span class='ocrx_word' id='word_1_429' title='bbox 1143 3460 1178 3503; x_wconf 95' lang='lat' dir='ltr'>m</span> <span class='ocrx_word' id='word_1_430' title='bbox 1202 3461 1234 3503; x_wconf 90' lang='lat' dir='ltr'>a·</span> <span class='ocrx_word' id='word_1_431' title='bbox 1285 3433 1342 3498; x_wconf 92' lang='lat' dir='ltr'>sed</span> <span class='ocrx_word' id='word_1_432' title='bbox 1364 3435 1468 3518; x_wconf 85' lang='lat' dir='ltr'>magis</span> <span class='ocrx_word' id='word_1_433' title='bbox 1480 3456 1553 3499; x_wconf 92' lang='lat' dir='ltr'>cum</span> <span class='ocrx_word' id='word_1_434' title='bbox 1567 3434 1706 3513; x_wconf 81' lang='lat' dir='ltr'>Breutio,</span> <span class='ocrx_word' id='word_1_435' title='bbox 1721 3435 1905 3518; x_wconf 78' lang='lat' dir='ltr'>Schneppfio</span> <span class='ocrx_word' id='word_1_436' title='bbox 1923 3435 2252 3517; x_wconf 82' lang='lat' dir='ltr'>aliisqueinstitutum</span> 
     </span>
     <span class='ocr_line' id='line_1_37' title="bbox 258 3461 2252 3606; baseline -0.001 -21"><span class='ocrx_word' id='word_1_437' title='bbox 258 3521 333 3585; x_wconf 86' lang='lat' dir='ltr'>terii</span> <span class='ocrx_word' id='word_1_438' title='bbox 361 3522 522 3604; x_wconf 88' lang='lat' dir='ltr'>copiosius</span> <span class='ocrx_word' id='word_1_439' title='bbox 539 3522 622 3586; x_wconf 92' lang='lat' dir='ltr'>mihi</span> <span class='ocrx_word' id='word_1_440' title='bbox 643 3522 701 3587; x_wconf 91' lang='lat' dir='ltr'>abs</span> <span class='ocrx_word' id='word_1_441' title='bbox 723 3530 755 3587; x_wconf 90' lang='lat' dir='ltr'>te</span> <span class='ocrx_word' id='word_1_442' title='bbox 773 3521 959 3605; x_wconf 91' lang='lat' dir='ltr'>explicandi</span> <span class='ocrx_word' id='word_1_443' title='bbox 976 3521 1035 3587; x_wconf 89' lang='lat' dir='ltr'>tibi</span> <span class='ocrx_word' id='word_1_444' title='bbox 1056 3461 1233 3606; x_wconf 70' lang='lat' dir='ltr'>praebebit.</span> <span class='ocrx_word' id='word_1_445' title='bbox 1283 3521 1376 3585; x_wconf 87' lang='lat' dir='ltr'>furiis</span> <span class='ocrx_word' id='word_1_446' title='bbox 1394 3520 1654 3586; x_wconf 89' lang='lat' dir='ltr'>incommodabit.</span> <span class='ocrx_word' id='word_1_447' title='bbox 1678 3520 1794 3586; x_wconf 68' lang='lat' dir='ltr'>Terret</span> <span class='ocrx_word' id='word_1_448' title='bbox 1810 3543 1863 3587; x_wconf 92' lang='lat' dir='ltr'>me</span> <span class='ocrx_word' id='word_1_449' title='bbox 1881 3520 2066 3603; x_wconf 87' lang='lat' dir='ltr'>exemplum</span> <span class='ocrx_word' id='word_1_450' title='bbox 2086 3519 2252 3602; x_wconf 74' lang='lat' dir='ltr'>docuitque</span> 
     </span>
     <span class='ocr_line' id='line_1_38' title="bbox 258 3604 2252 3691; baseline 0.001 -21"><span class='ocrx_word' id='word_1_451' title='bbox 258 3605 312 3671; x_wconf 90' lang='lat' dir='ltr'>Ita</span> <span class='ocrx_word' id='word_1_452' title='bbox 334 3607 391 3671; x_wconf 89' lang='lat' dir='ltr'>fiet</span> <span class='ocrx_word' id='word_1_453' title='bbox 407 3616 445 3670; x_wconf 91' lang='lat' dir='ltr'>ut</span> <span class='ocrx_word' id='word_1_454' title='bbox 466 3628 506 3670; x_wconf 84' lang='lat' dir='ltr'>ex</span> <span class='ocrx_word' id='word_1_455' title='bbox 538 3608 608 3689; x_wconf 90' lang='lat' dir='ltr'>ipsa</span> <span class='ocrx_word' id='word_1_456' title='bbox 636 3628 764 3690; x_wconf 90' lang='lat' dir='ltr'>quoque</span> <span class='ocrx_word' id='word_1_457' title='bbox 792 3607 1013 3691; x_wconf 90' lang='lat' dir='ltr'>imprudentia</span> <span class='ocrx_word' id='word_1_458' title='bbox 1041 3618 1075 3674; x_wconf 93' lang='lat' dir='ltr'>et</span> <span class='ocrx_word' id='word_1_459' title='bbox 1102 3609 1234 3675; x_wconf 89' lang='lat' dir='ltr'>inscitia</span> <span class='ocrx_word' id='word_1_460' title='bbox 1284 3606 1494 3687; x_wconf 86' lang='lat' dir='ltr'>experientia.</span> <span class='ocrx_word' id='word_1_461' title='bbox 1547 3604 1637 3670; x_wconf 91' lang='lat' dir='ltr'>Dum</span> <span class='ocrx_word' id='word_1_462' title='bbox 1660 3607 1748 3671; x_wconf 86' lang='lat' dir='ltr'>enim</span> <span class='ocrx_word' id='word_1_463' title='bbox 1771 3607 1885 3672; x_wconf 89' lang='lat' dir='ltr'>beatae</span> <span class='ocrx_word' id='word_1_464' title='bbox 1913 3607 2088 3671; x_wconf 89' lang='lat' dir='ltr'>memoriae</span> <span class='ocrx_word' id='word_1_465' title='bbox 2111 3605 2252 3671; x_wconf 72' lang='lat' dir='ltr'>Bareas</span> 
     </span>
     <span class='ocr_line' id='line_1_39' title="bbox 259 3690 2251 3778; baseline -0.001 -22"><span class='ocrx_word' id='word_1_466' title='bbox 259 3712 334 3756; x_wconf 92' lang='lat' dir='ltr'>mea</span> <span class='ocrx_word' id='word_1_467' title='bbox 355 3691 498 3757; x_wconf 83' lang='lat' dir='ltr'>fructum</span> <span class='ocrx_word' id='word_1_468' title='bbox 519 3693 706 3775; x_wconf 90' lang='lat' dir='ltr'>percipiam.</span> <span class='ocrx_word' id='word_1_469' title='bbox 751 3693 842 3758; x_wconf 90' lang='lat' dir='ltr'>Bene</span> <span class='ocrx_word' id='word_1_470' title='bbox 861 3693 942 3772; x_wconf 87' lang='lat' dir='ltr'>vale,</span> <span class='ocrx_word' id='word_1_471' title='bbox 964 3694 1018 3759; x_wconf 84' lang='lat' dir='ltr'>mi·</span> <span class='ocrx_word' id='word_1_472' title='bbox 1033 3703 1136 3778; x_wconf 89' lang='lat' dir='ltr'>pater,</span> <span class='ocrx_word' id='word_1_473' title='bbox 1159 3717 1233 3761; x_wconf 90' lang='lat' dir='ltr'>cum</span> <span class='ocrx_word' id='word_1_474' title='bbox 1284 3702 1407 3756; x_wconf 84' lang='lat' dir='ltr'>certam</span> <span class='ocrx_word' id='word_1_475' title='bbox 1430 3690 1637 3773; x_wconf 90' lang='lat' dir='ltr'>polliceretur</span> <span class='ocrx_word' id='word_1_476' title='bbox 1665 3690 1871 3758; x_wconf 87' lang='lat' dir='ltr'>concordiam</span> <span class='ocrx_word' id='word_1_477' title='bbox 1900 3693 1986 3756; x_wconf 91' lang='lat' dir='ltr'>inter</span> <span class='ocrx_word' id='word_1_478' title='bbox 2020 3691 2194 3756; x_wconf 68' lang='lat' dir='ltr'>[ailbei-um</span> <span class='ocrx_word' id='word_1_479' title='bbox 2221 3700 2251 3755; x_wconf 91' lang='lat' dir='ltr'>et</span> 
     </span>
     <span class='ocr_line' id='line_1_40' title="bbox 258 3775 2251 3863; baseline 0 -22"><span class='ocrx_word' id='word_1_480' title='bbox 258 3775 303 3842; x_wconf 92' lang='lat' dir='ltr'>D.</span> <span class='ocrx_word' id='word_1_481' title='bbox 339 3777 508 3861; x_wconf 80' lang='lat' dir='ltr'>Guoltbcro</span> <span class='ocrx_word' id='word_1_482' title='bbox 542 3787 575 3841; x_wconf 91' lang='lat' dir='ltr'>et</span> <span class='ocrx_word' id='word_1_483' title='bbox 607 3779 799 3863; x_wconf 88' lang='lat' dir='ltr'>symmystis</span> <span class='ocrx_word' id='word_1_484' title='bbox 839 3780 991 3845; x_wconf 91' lang='lat' dir='ltr'>omnibus</span> <span class='ocrx_word' id='word_1_485' title='bbox 1023 3779 1057 3844; x_wconf 94' lang='lat' dir='ltr'>in</span> <span class='ocrx_word' id='word_1_486' title='bbox 1090 3781 1233 3845; x_wconf 91' lang='lat' dir='ltr'>Domino</span> <span class='ocrx_word' id='word_1_487' title='bbox 1284 3787 1414 3841; x_wconf 90' lang='lat' dir='ltr'>nostras</span> <span class='ocrx_word' id='word_1_488' title='bbox 1436 3776 1597 3854; x_wconf 89' lang='lat' dir='ltr'>ecclesias,</span> <span class='ocrx_word' id='word_1_489' title='bbox 1620 3799 1686 3842; x_wconf 95' lang='lat' dir='ltr'>non</span> <span class='ocrx_word' id='word_1_490' title='bbox 1707 3799 1825 3861; x_wconf 89' lang='lat' dir='ltr'>parum</span> <span class='ocrx_word' id='word_1_491' title='bbox 1855 3785 1888 3842; x_wconf 92' lang='lat' dir='ltr'>et</span> <span class='ocrx_word' id='word_1_492' title='bbox 1914 3779 1984 3860; x_wconf 92' lang='lat' dir='ltr'>ipse</span> <span class='ocrx_word' id='word_1_493' title='bbox 2006 3776 2110 3842; x_wconf 84' lang='lat' dir='ltr'>fretus</span> <span class='ocrx_word' id='word_1_494' title='bbox 2138 3777 2251 3861; x_wconf 84' lang='lat' dir='ltr'>philip</span> 
     </span>
     <span class='ocr_line' id='line_1_41' title="bbox 259 3860 2251 3951; baseline 0.001 -27"><span class='ocrx_word' id='word_1_495' title='bbox 259 3862 442 3945; x_wconf 89' lang='lat' dir='ltr'>plurimum</span> <span class='ocrx_word' id='word_1_496' title='bbox 469 3862 690 3930; x_wconf 85' lang='lat' dir='ltr'>observandis.</span> <span class='ocrx_word' id='word_1_497' title='bbox 747 3865 910 3930; x_wconf 80' lang='lat' dir='ltr'>Dominus</span> <span class='ocrx_word' id='word_1_498' title='bbox 940 3866 1034 3931; x_wconf 78' lang='lat' dir='ltr'>Iesus</span> <span class='ocrx_word' id='word_1_499' title='bbox 1066 3868 1172 3951; x_wconf 81' lang='lat' dir='ltr'>magis</span> <span class='ocrx_word' id='word_1_500' title='bbox 1196 3888 1233 3932; x_wconf 77' lang='lat' dir='ltr'>ae</span> <span class='ocrx_word' id='word_1_501' title='bbox 1284 3863 1356 3945; x_wconf 91' lang='lat' dir='ltr'>pica</span> <span class='ocrx_word' id='word_1_502' title='bbox 1377 3860 1609 3940; x_wconf 89' lang='lat' dir='ltr'>moderatione,</span> <span class='ocrx_word' id='word_1_503' title='bbox 1628 3863 1708 3928; x_wconf 92' lang='lat' dir='ltr'>adeo</span> <span class='ocrx_word' id='word_1_504' title='bbox 1725 3884 1778 3928; x_wconf 90' lang='lat' dir='ltr'>res</span> <span class='ocrx_word' id='word_1_505' title='bbox 1795 3885 1862 3928; x_wconf 90' lang='lat' dir='ltr'>non</span> <span class='ocrx_word' id='word_1_506' title='bbox 1884 3863 2047 3941; x_wconf 90' lang='lat' dir='ltr'>successit,</span> <span class='ocrx_word' id='word_1_507' title='bbox 2066 3863 2165 3927; x_wconf 89' lang='lat' dir='ltr'>etiam</span> <span class='ocrx_word' id='word_1_508' title='bbox 2183 3870 2251 3946; x_wconf 90' lang='lat' dir='ltr'>post</span> 
     </span>
     <span class='ocr_line' id='line_1_42' title="bbox 258 3947 2251 4032; baseline 0.001 -20"><span class='ocrx_word' id='word_1_509' title='bbox 258 3949 365 4032; x_wconf 87' lang='lat' dir='ltr'>magis</span> <span class='ocrx_word' id='word_1_510' title='bbox 387 3948 445 4013; x_wconf 91' lang='lat' dir='ltr'>tihi</span> <span class='ocrx_word' id='word_1_511' title='bbox 467 3947 678 4032; x_wconf 61' lang='lat' dir='ltr'>benedicati)</span> <span class='ocrx_word' id='word_1_512' title='bbox 1283 3949 1404 4012; x_wconf 92' lang='lat' dir='ltr'>multos</span> <span class='ocrx_word' id='word_1_513' title='bbox 1437 3948 1620 4013; x_wconf 91' lang='lat' dir='ltr'>exantlatos</span> <span class='ocrx_word' id='word_1_514' title='bbox 1659 3947 1801 4026; x_wconf 92' lang='lat' dir='ltr'>labores,</span> <span class='ocrx_word' id='word_1_515' title='bbox 1841 3959 1916 4031; x_wconf 88' lang='lat' dir='ltr'>post</span> <span class='ocrx_word' id='word_1_516' title='bbox 1949 3948 2071 4014; x_wconf 86' lang='lat' dir='ltr'>inultos</span> <span class='ocrx_word' id='word_1_517' title='bbox 2105 3958 2251 4032; x_wconf 89' lang='lat' dir='ltr'>sumptus</span> 
     </span>
     <span class='ocr_line' id='line_1_43' title="bbox 1283 4033 2251 4117; baseline 0.001 -20"><span class='ocrx_word' id='word_1_518' title='bbox 1283 4035 1433 4117; x_wconf 87' lang='lat' dir='ltr'>profusos</span> <span class='ocrx_word' id='word_1_519' title='bbox 1456 4042 1584 4116; x_wconf 89' lang='lat' dir='ltr'>etpost</span> <span class='ocrx_word' id='word_1_520' title='bbox 1613 4035 1717 4099; x_wconf 93' lang='lat' dir='ltr'>multa</span> <span class='ocrx_word' id='word_1_521' title='bbox 1739 4034 1852 4100; x_wconf 89' lang='lat' dir='ltr'>habita</span> <span class='ocrx_word' id='word_1_522' title='bbox 1877 4033 2045 4115; x_wconf 86' lang='lat' dir='ltr'>colloquia,</span> <span class='ocrx_word' id='word_1_523' title='bbox 2080 4046 2119 4098; x_wconf 88' lang='lat' dir='ltr'>ut</span> <span class='ocrx_word' id='word_1_524' title='bbox 2147 4034 2251 4099; x_wconf 80' lang='lat' dir='ltr'>hostes</span> 
     </span>
     <span class='ocr_line' id='line_1_44' title="bbox 1284 4118 2250 4203; baseline 0.003 -21"><span class='ocrx_word' id='word_1_525' title='bbox 1284 4119 1518 4202; x_wconf 89' lang='lat' dir='ltr'>propemodum</span> <span class='ocrx_word' id='word_1_526' title='bbox 1534 4120 1729 4186; x_wconf 87' lang='lat' dir='ltr'>infensiores</span> <span class='ocrx_word' id='word_1_527' title='bbox 1746 4129 1858 4203; x_wconf 90' lang='lat' dir='ltr'>postea</span> <span class='ocrx_word' id='word_1_528' title='bbox 1874 4118 2085 4185; x_wconf 88' lang='lat' dir='ltr'>habuerimus</span> <span class='ocrx_word' id='word_1_529' title='bbox 2097 4118 2250 4198; x_wconf 83' lang='lat' dir='ltr'>Saxones,</span> 
     </span>
     <span class='ocr_line' id='line_1_45' title="bbox 363 4204 2251 4292; baseline -0.001 -21"><span class='ocrx_word' id='word_1_530' title='bbox 363 4220 392 4290; x_wconf 81' lang='lat'>5)</span> <span class='ocrx_word' id='word_1_531' title='bbox 410 4220 509 4275; x_wconf 64' lang='lat' dir='ltr'>Moero</span> <span class='ocrx_word' id='word_1_532' title='bbox 528 4213 677 4290; x_wconf 62' lang='lat' dir='ltr'>Supremam·</span> <span class='ocrx_word' id='word_1_533' title='bbox 701 4221 773 4277; x_wconf 62' lang='lat' dir='ltr'>tane</span> <span class='ocrx_word' id='word_1_534' title='bbox 799 4224 929 4290; x_wconf 68' lang='lat' dir='ltr'>mapsam</span> <span class='ocrx_word' id='word_1_535' title='bbox 958 4238 1016 4277; x_wconf 67' lang='lat' dir='ltr'>em</span> <span class='ocrx_word' id='word_1_536' title='bbox 1042 4238 1075 4277; x_wconf 55' lang='grc' dir='ltr'><strong>ω</strong></span> <span class='ocrx_word' id='word_1_537' title='bbox 1102 4239 1133 4277; x_wconf 72' lang='grc' dir='ltr'><strong>ω</strong></span> <span class='ocrx_word' id='word_1_538' title='bbox 1149 4225 1234 4292; x_wconf 74' lang='lat' dir='ltr'>focae</span> <span class='ocrx_word' id='word_1_539' title='bbox 1284 4204 1424 4288; x_wconf 89' lang='lat' dir='ltr'>deniquo</span> <span class='ocrx_word' id='word_1_540' title='bbox 1445 4213 1630 4270; x_wconf 84' lang='lat' dir='ltr'>nostrarum</span> <span class='ocrx_word' id='word_1_541' title='bbox 1646 4206 1854 4272; x_wconf 89' lang='lat' dir='ltr'>ecclesiarum</span> <span class='ocrx_word' id='word_1_542' title='bbox 1875 4227 1941 4288; x_wconf 86' lang='lat' dir='ltr'>pax</span> <span class='ocrx_word' id='word_1_543' title='bbox 1962 4226 2029 4269; x_wconf 94' lang='lat' dir='ltr'>non</span> <span class='ocrx_word' id='word_1_544' title='bbox 2047 4226 2165 4287; x_wconf 91' lang='lat' dir='ltr'>parum</span> <span class='ocrx_word' id='word_1_545' title='bbox 2186 4206 2251 4270; x_wconf 83' lang='lat' dir='ltr'>iue-</span> 
     </span>
    </p>
   </div>
   <div class='ocr_carea' id='block_1_9' title="bbox 263 4288 2250 4460">
    <p class='ocr_par' dir='ltr' id='par_1_15' title="bbox 263 4288 2250 4460">
     <span class='ocr_line' id='line_1_46' title="bbox 263 4288 2250 4374; baseline 0.004 -27"><span class='ocrx_word' id='word_1_546' title='bbox 263 4290 371 4358; x_wconf 79' lang='lat' dir='ltr'>colb‘per</span> <span class='ocrx_word' id='word_1_547' title='bbox 387 4290 461 4371; x_wconf 69' lang='lat' dir='ltr'>qaod</span> <span class='ocrx_word' id='word_1_548' title='bbox 477 4306 519 4358; x_wconf 83' lang='lat' dir='ltr'>ep·</span> <span class='ocrx_word' id='word_1_549' title='bbox 542 4290 704 4374; x_wconf 38' lang='lat' dir='ltr'>paninperc·</span> <span class='ocrx_word' id='word_1_550' title='bbox 718 4290 757 4344; x_wconf 79' lang='lat' dir='ltr'>ad</span> <span class='ocrx_word' id='word_1_551' title='bbox 779 4288 923 4346; x_wconf 72' lang='lat' dir='ltr'>Galateam</span> <span class='ocrx_word' id='word_1_552' title='bbox 944 4290 1070 4374; x_wconf 52' lang='lat' dir='ltr'>N32682</span> <span class='ocrx_word' id='word_1_553' title='bbox 1092 4296 1235 4361; x_wconf 73' lang='lat' dir='ltr'>ruperim</span> <span class='ocrx_word' id='word_1_554' title='bbox 1284 4291 1329 4354; x_wconf 91' lang='lat' dir='ltr'>rit</span> <span class='ocrx_word' id='word_1_555' title='bbox 1351 4290 1490 4366; x_wconf 89' lang='lat' dir='ltr'>turbata,</span> <span class='ocrx_word' id='word_1_556' title='bbox 1514 4290 1683 4374; x_wconf 89' lang='lat' dir='ltr'>multique,</span> <span class='ocrx_word' id='word_1_557' title='bbox 1712 4293 1768 4374; x_wconf 88' lang='lat' dir='ltr'>qui</span> <span class='ocrx_word' id='word_1_558' title='bbox 1796 4292 1928 4357; x_wconf 90' lang='lat' dir='ltr'>iamiam</span> <span class='ocrx_word' id='word_1_559' title='bbox 1955 4289 2092 4373; x_wconf 91' lang='lat' dir='ltr'>pulchre</span> <span class='ocrx_word' id='word_1_560' title='bbox 2120 4309 2250 4357; x_wconf 89' lang='lat' dir='ltr'>consen·</span> 
     </span>
     <span class='ocr_line' id='line_1_47' title="bbox 263 4358 2249 4460; baseline 0.016 -49"><span class='ocrx_word' id='word_1_561' title='bbox 263 4373 352 4413; x_wconf 69' lang='lat' dir='ltr'>manso</span> <span class='ocrx_word' id='word_1_562' title='bbox 370 4365 499 4427; x_wconf 70' lang='lat' dir='ltr'>scapton</span> <span class='ocrx_word' id='word_1_563' title='bbox 517 4359 591 4414; x_wconf 73' lang='lat' dir='ltr'>drot.</span> <span class='ocrx_word' id='word_1_564' title='bbox 639 4358 701 4414; x_wconf 74' lang='lat' dir='ltr'>Sus</span> <span class='ocrx_word' id='word_1_565' title='bbox 721 4368 750 4413; x_wconf 78' lang='lat' dir='ltr'>co</span> <span class='ocrx_word' id='word_1_566' title='bbox 776 4367 866 4414; x_wconf 79' lang='lat' dir='ltr'>aurem</span> <span class='ocrx_word' id='word_1_567' title='bbox 889 4367 927 4415; x_wconf 74' lang='lat' dir='ltr'>aar</span> <span class='ocrx_word' id='word_1_568' title='bbox 954 4362 1090 4415; x_wconf 64' lang='lat' dir='ltr'>mter</span> <span class='ocrx_word' id='word_1_569' title='bbox 1111 4368 1176 4429; x_wconf 82' lang='lat' dir='ltr'>post</span> <span class='ocrx_word' id='word_1_570' title='bbox 1192 4361 1232 4418; x_wconf 77' lang='lat' dir='ltr'>N·</span> <span class='ocrx_word' id='word_1_571' title='bbox 1284 4384 1404 4453; x_wconf 86' lang='lat' dir='ltr'>serant,</span> <span class='ocrx_word' id='word_1_572' title='bbox 1423 4377 1510 4440; x_wconf 87' lang='lat' dir='ltr'>iuter</span> <span class='ocrx_word' id='word_1_573' title='bbox 1527 4384 1725 4442; x_wconf 92' lang='lat' dir='ltr'>semutuum</span> <span class='ocrx_word' id='word_1_574' title='bbox 1737 4376 2045 4442; x_wconf 85' lang='lat' dir='ltr'>fuerintcommissi.</span> <span class='ocrx_word' id='word_1_575' title='bbox 2069 4375 2157 4441; x_wconf 79' lang='lat' dir='ltr'>Situ</span> <span class='ocrx_word' id='word_1_576' title='bbox 2176 4395 2249 4460; x_wconf 82' lang='lat' dir='ltr'>ergo</span> 
     </span>
    </p>
   </div>
   <div class='ocr_carea' id='block_1_10' title="bbox 260 4425 2251 4976">
    <p class='ocr_par' dir='ltr' id='par_1_16' title="bbox 260 4425 2251 4976">
     <span class='ocr_line' id='line_1_48' title="bbox 260 4425 2250 4614; baseline 0.004 -133"><span class='ocrx_word' id='word_1_577' title='bbox 260 4425 374 4564; x_wconf 47' lang='grc' dir='ltr'>Ξξὲἓῃθί</span> <span class='ocrx_word' id='word_1_578' title='bbox 391 4437 455 4483; x_wconf 67' lang='lat' dir='ltr'>am</span> <span class='ocrx_word' id='word_1_579' title='bbox 471 4427 511 4484; x_wconf 76' lang='lat' dir='ltr'>N·</span> <span class='ocrx_word' id='word_1_580' title='bbox 528 4425 597 4482; x_wconf 74' lang='grc'><strong>2708</strong></span> <span class='ocrx_word' id='word_1_581' title='bbox 614 4444 667 4497; x_wconf 65' lang='grc' dir='ltr'>Μ.</span> <span class='ocrx_word' id='word_1_582' title='bbox 728 4430 732 4440; x_wconf 59' lang='grc'><em>“</em></span> <span class='ocrx_word' id='word_1_583' title='bbox 748 4427 782 4483; x_wconf 64' lang='grc' dir='ltr'>αθ</span> <span class='ocrx_word' id='word_1_584' title='bbox 798 4431 894 4484; x_wconf 52' lang='lat' dir='ltr'>{lime</span> <span class='ocrx_word' id='word_1_585' title='bbox 907 4429 999 4484; x_wconf 56' lang='lat' dir='ltr'>Bm&amp;</span> <span class='ocrx_word' id='word_1_586' title='bbox 1014 4430 1054 4486; x_wconf 62' lang='lat' dir='ltr'>aa</span> <span class='ocrx_word' id='word_1_587' title='bbox 1075 4429 1235 4487; x_wconf 60' lang='lat' dir='ltr'>mm&amp;</span> <span class='ocrx_word' id='word_1_588' title='bbox 1284 4460 1683 4612; x_wconf 40' lang='lat' dir='ltr'>{fg-tilgislilsitlissoolil&#39;gffiffin</span> <span class='ocrx_word' id='word_1_589' title='bbox 1704 4462 1862 4613; x_wconf 52' lang='grc' dir='ltr'>ξέιέξιρρο,</span> <span class='ocrx_word' id='word_1_590' title='bbox 1882 4460 2250 4614; x_wconf 42' lang='lat' dir='ltr'>egotquidemfmffitaatilrt</span> 
     </span>
     <span class='ocr_line' id='line_1_49' title="bbox 1284 4567 2250 4718; baseline 0.002 -22"><span class='ocrx_word' id='word_1_591' title='bbox 1284 4643 1341 4696; x_wconf 90' lang='lat' dir='ltr'>aut</span> <span class='ocrx_word' id='word_1_592' title='bbox 1364 4568 1540 4714; x_wconf 65' lang='lat' dir='ltr'>potestatih.</span> <span class='ocrx_word' id='word_1_593' title='bbox 1614 4598 1811 4699; x_wconf 79' lang='lat' dir='ltr'>Huiusmodi</span> <span class='ocrx_word' id='word_1_594' title='bbox 1820 4567 2188 4718; x_wconf 55' lang='lat' dir='ltr'>nhhghdtiuhlrfflpderdihet</span> <span class='ocrx_word' id='word_1_595' title='bbox 2213 4631 2250 4698; x_wconf 89' lang='lat' dir='ltr'>ad</span> 
     </span>
     <span class='ocr_line' id='line_1_50' title="bbox 1284 4716 2251 4803; baseline 0.001 -22"><span class='ocrx_word' id='word_1_596' title='bbox 1284 4718 1384 4781; x_wconf 89' lang='lat' dir='ltr'>totius</span> <span class='ocrx_word' id='word_1_597' title='bbox 1406 4716 1559 4782; x_wconf 89' lang='lat' dir='ltr'>ecclesiae</span> <span class='ocrx_word' id='word_1_598' title='bbox 1579 4718 1631 4783; x_wconf 93' lang='lat' dir='ltr'>cui</span> <span class='ocrx_word' id='word_1_599' title='bbox 1653 4720 1759 4785; x_wconf 85' lang='lat' dir='ltr'>servio</span> <span class='ocrx_word' id='word_1_600' title='bbox 1770 4719 1999 4803; x_wconf 79' lang='lat' dir='ltr'>cognitionem.</span> <span class='ocrx_word' id='word_1_601' title='bbox 2017 4718 2163 4785; x_wconf 91' lang='lat' dir='ltr'>Proinde</span> <span class='ocrx_word' id='word_1_602' title='bbox 2185 4720 2251 4783; x_wconf 88' lang='lat' dir='ltr'>sine</span> 
     </span>
     <span class='ocr_line' id='line_1_51' title="bbox 1283 4802 2251 4883; baseline 0 -16"><span class='ocrx_word' id='word_1_603' title='bbox 1283 4802 1418 4867; x_wconf 93' lang='lat' dir='ltr'>consilio</span> <span class='ocrx_word' id='word_1_604' title='bbox 1449 4811 1483 4868; x_wconf 90' lang='lat' dir='ltr'>et</span> <span class='ocrx_word' id='word_1_605' title='bbox 1517 4803 1748 4870; x_wconf 87' lang='lat' dir='ltr'>deliberatione</span> <span class='ocrx_word' id='word_1_606' title='bbox 1774 4805 1930 4883; x_wconf 82' lang='lat' dir='ltr'>fratrum,</span> <span class='ocrx_word' id='word_1_607' title='bbox 1958 4807 2028 4869; x_wconf 92' lang='lat' dir='ltr'>sine</span> <span class='ocrx_word' id='word_1_608' title='bbox 2058 4805 2194 4870; x_wconf 91' lang='lat' dir='ltr'>consilio</span> <span class='ocrx_word' id='word_1_609' title='bbox 2222 4815 2251 4869; x_wconf 88' lang='lat' dir='ltr'>et</span> 
     </span>
     <span class='ocr_line' id='line_1_52' title="bbox 1284 4889 2251 4976; baseline 0 -22"><span class='ocrx_word' id='word_1_610' title='bbox 1284 4908 1445 4954; x_wconf 88' lang='lat' dir='ltr'>consensu</span> <span class='ocrx_word' id='word_1_611' title='bbox 1466 4890 1568 4955; x_wconf 89' lang='lat' dir='ltr'>sancti</span> <span class='ocrx_word' id='word_1_612' title='bbox 1590 4891 1802 4976; x_wconf 78' lang='lat' dir='ltr'>magistratus</span> <span class='ocrx_word' id='word_1_613' title='bbox 1824 4890 1985 4975; x_wconf 90' lang='lat' dir='ltr'>inprimis,</span> <span class='ocrx_word' id='word_1_614' title='bbox 2015 4889 2162 4974; x_wconf 86' lang='lat' dir='ltr'>adeoque</span> <span class='ocrx_word' id='word_1_615' title='bbox 2184 4891 2251 4956; x_wconf 86' lang='lat' dir='ltr'>sine</span> 
     </span>
    </p>
   </div>
   <div class='ocr_carea' id='block_1_11' title="bbox 1285 5109 2251 5321">
    <p class='ocr_par' dir='ltr' id='par_1_17' title="bbox 1285 5109 2251 5321">
     <span class='ocr_line' id='line_1_53' title="bbox 1285 5109 2251 5195; baseline 0.003 -31"><span class='ocrx_word' id='word_1_616' title='bbox 1285 5109 1544 5178; x_wconf 64' lang='lat' dir='ltr'>saeculariter</span> <span class='ocrx_word' id='word_1_617' title='bbox 1568 5110 1700 5192; x_wconf 69' lang='lat' dir='ltr'>catam</span> <span class='ocrx_word' id='word_1_618' title='bbox 1727 5111 1760 5167; x_wconf 74' lang='lat' dir='ltr'>oe</span> <span class='ocrx_word' id='word_1_619' title='bbox 1783 5109 1911 5195; x_wconf 59' lang='lat' dir='ltr'>Ponam</span> <span class='ocrx_word' id='word_1_620' title='bbox 1934 5110 2070 5194; x_wconf 54' lang='lat' dir='ltr'>nemer,</span> <span class='ocrx_word' id='word_1_621' title='bbox 2087 5129 2145 5167; x_wconf 66' lang='lat' dir='ltr'>„aa</span> <span class='ocrx_word' id='word_1_622' title='bbox 2174 5114 2251 5166; x_wconf 68' lang='lat' dir='ltr'>aare</span> 
     </span>
     <span class='ocr_line' id='line_1_54' title="bbox 1285 5179 2251 5321; baseline 0.003 -19"><span class='ocrx_word' id='word_1_623' title='bbox 1285 5179 1754 5304; x_wconf 56' lang='lat' dir='ltr'>ultumam</span> <span class='ocrx_word' id='word_1_624' title='bbox 1761 5179 2251 5321; x_wconf 48' lang='lat' dir='ltr'>‘&#39;mutamur“</span> 
     </span>
    </p>
   </div>
   <div class='ocr_carea' id='block_1_12' title="bbox 0 0 2348 5909">
    <p class='ocr_par' dir='ltr' id='par_1_18' title="bbox 0 0 2348 5909">
     <span class='ocr_line' id='line_1_55' title="bbox 0 0 2348 5909; baseline 0 0"><span class='ocrx_word' id='word_1_625' title='bbox 0 0 2348 5909; x_wconf 95' lang='lat' dir='ltr'> </span> 
     </span>
    </p>
   </div>
  </div>
 </body>
</html>
