4778 5888
75 337 139 399 253
971 336 1050 400 1556
1073 333 1180 401 AUG.

75 523 210 588 nomine
239 522 455 605 polliceretur,
478 543 544 589 uon
567 523 672 589 solum
694 523 876 607 hospitium
892 524 1049 590 fratribus
1264 523 1319 587 (nx
1339 522 1507 593 aumgmphc
1525 521 1591 576 001¹·
1609 522 1690 577 Goth.
1708 519 1770 589 405,
1788 522 1834 576 fol.
1852 519 1908 589 tt.)

74 608 141 674 illis
168 606 400 686 Valdensibus,
434 608 491 675 sed
520 617 554 675 et
576 610 663 674 vitae
685 609 789 675 multa
809 610 873 675 alia
895 609 1048 689 subsidia,

75 695 105 759 si
126 694 161 759 in
182 714 320 778 regnum
342 694 499 760 Poloniae
520 696 662 778 migrare
686 695 816 761 vellent.
861 696 986 762 Vereor
1008 717 1050 761 ne
1186 693 1318 759 Eximio
1340 716 1377 761 ac
1399 693 1679 777 praestantissimo
1702 693 1773 758 viro
1795 694 1837 759 D.
1859 693 1977 759 Ioanni
2000 694 2072 761 Cal·

75 778 157 844 hoec
190 782 265 846 ficte
295 781 369 859 sint,
398 781 541 846 maxime
562 781 624 845 hoc
641 781 811 864 posterius.
846 780 945 848 Prius
967 781 1050 847 illud
1102 779 1180 844 vino
1197 780 1357 847 ,ecclesiae
1379 779 1583 846 Genevensis
1605 779 1727 862 pastori
1745 779 1994 864 vigilantissimo
2016 782 2072 848 do-

74 872 186 930 metuc
213 865 372 931 menimis
405 885 521 932 verum
554 867 606 931 sit.
651 866 688 932 Si
721 865 798 949 quid
824 866 924 933 habes
946 867 986 932 dc
1008 868 1049 932 iis
1100 866 1191 930 mino
1211 865 1294 930 mihi
1312 886 1441 948 semper
1462 863 1662 930 honorando.

74 950 174 1016 rebus
205 951 304 1016 facito
334 972 394 1016 nos
423 953 528 1035 primo
559 971 687 1034 quoque
716 960 861 1035 ternpore
884 954 1047 1031 certiores,
1821 950 1986 1017 Gencvae.

74 1044 114 1102 ut
135 1036 253 1101 melius
265 1057 497 1120 cognoscamus
519 1058 582 1120 qua
604 1039 730 1103 ratione
751 1038 952 1104 commodius
974 1061 1048 1122 pre·

74 1122 166 1189 cibus
188 1143 319 1188 causam
341 1124 479 1187 fratrum
502 1124 614 1189 iuvare
637 1125 806 1206 possimus.
840 1192 843 1198 ,
1184 1122 1339 1206 Regnum
1375 1120 1509 1186 Domini
1543 1122 1646 1187 nostri
1681 1120 1753 1186 lesu
1780 1122 1870 1187 cristi
1895 1134 2014 1207 regnet
2034 1124 2071 1188 in

161 1206 245 1292 Legi
268 1215 340 1273 tuas
362 1208 475 1273 literas
497 1208 808 1284 oeconomicon
842 1208 998 1274 Gaudebc
1020 1209 1047 1273 si
1100 1207 1251 1275 cordibus
1269 1207 1391 1272 nostris
1413 1209 1448 1271 in
1466 1207 1576 1273 secula
1592 1207 1786 1287 seculorum,
1809 1228 1914 1272 amen.

73 1293 302 1376 utrinquohcc
318 1302 469 1376 portento
481 1293 665 1378 liberemur.
696 1296 838 1360 'llantum
851 1294 1046 1373 metuebam,
1183 1291 1292 1358 Pudet
1312 1314 1365 1357 me
1383 1291 1425 1357 ad
1446 1293 1475 1358 d.
1500 1294 1716 1369 subscribere
1738 1295 1774 1359 in
1795 1301 1863 1358 tam
1875 1293 2070 1377 longinquas

73 1379 152 1461 qnia
183 1378 263 1442 mihi
294 1399 390 1444 causa
421 1380 534 1462 ignota
563 1389 642 1459 erat,
666 1402 707 1446 nc
724 1382 759 1444 in
782 1381 843 1446 hac
862 1389 1047 1463 temporum
1100 1388 1300 1463 partescum
1317 1400 1389 1443 meo
1408 1378 1580 1461 turpisimc
1597 1379 1713 1444 latino:
1737 1377 2069 1462 sedamcrillequem

72 1464 246 1547 iniquitate
266 1465 356 1530 viam
368 1465 529 1529 inveniret
545 1487 610 1548 qua
621 1467 765 1549 utrisque
783 1466 939 1531 molestus
950 1472 1045 1530 esset.
1077 1464 1202 1543 ,habeo
1219 1473 1333 1530 contra
1351 1464 1381 1529 d.
1396 1485 1427 1529 v.
1441 1465 1511 1547 ipse
1527 1473 1577 1530 est
1588 1465 1622 1528 in
1641 1465 1736 1548 culpa
1750 1466 1804 1548 qui
1819 1485 1872 1529 me
1889 1466 1959 1548 ipse
1980 1485 2068 1531 com·

73 1548 151 1631 Qua
183 1556 271 1615 certe
300 1551 337 1614 in
370 1571 406 1614 re
423 1572 476 1615 me
498 1572 565 1616 non
587 1562 657 1616 erat
678 1550 850 1617 habiturus
872 1559 1046 1634 patronum
1098 1551 1183 1634 pulit
1203 1550 1245 1615 ad
1262 1550 1324 1616 hoc
1342 1558 1380 1615 ut
1397 1549 1571 1615 scriberem
1590 1550 1676 1633 quod
1697 1552 1799 1617 eciam
1818 1571 1884 1616 non
1906 1572 1977 1617 sum
1996 1551 2068 1636 dig·

72 1647 132 1701 aut
161 1635 350 1700 adiutorem.
396 1637 521 1702 Libens
562 1658 582 1701 a
613 1658 665 1701 me
697 1637 808 1703 literas
841 1637 882 1702 ad
910 1658 1046 1702 uxorem
1098 1659 1160 1702 nus
1182 1644 1221 1701 ut
1248 1635 1278 1701 d.
1308 1660 1338 1702 v.
1368 1635 1457 1719 legat
1480 1656 1568 1701 meas
1589 1635 1711 1716 literas,
1734 1635 1791 1701 sed
1814 1637 1875 1701 hoc
1897 1636 1979 1702 benc
2002 1639 2069 1703 seio

72 1721 274 1798 extorsisset,
294 1720 351 1786 sed
372 1722 495 1788 frustra
517 1723 578 1788 hoc
597 1724 744 1789 tentavit.
779 1723 939 1788 Ncnsum
958 1723 1046 1788 euim
1098 1722 1182 1805 qnod
1212 1720 1241 1786 d.
1271 1745 1302 1788 v.
1331 1722 1496 1787 neminem
1525 1723 1661 1804 spernit,
1691 1724 1747 1806 qui
1770 1722 1862 1787 illam
1883 1722 2068 1787 humanita-

71 1815 142 1871 tam
164 1806 268 1872 facilis
290 1814 329 1871 ut
350 1827 482 1873 causam
503 1809 585 1873 mihi
607 1830 674 1873 non
701 1810 863 1892 cognitam
886 1807 1045 1892 agendam
1097 1816 1164 1873 tem
1185 1808 1221 1871 iu
1243 1807 1273 1872 d.
1297 1830 1327 1873 v.
1350 1807 1460 1873 inveni
1483 1827 1579 1890 quam
1602 1808 2068 1891 vixpoteratinvenirequam

71 1892 257 1975 suscipiam,
280 1893 423 1961 maxime
440 1915 523 1976 quae
542 1894 582 1959 ad
601 1915 659 1960 vos
681 1895 853 1978 pertineat.
1096 1914 1157 1977 ego
1180 1893 1331 1976 eloquere
1353 1913 1569 1976 nonpossum.
1590 1895 1698 1960 nescio
1722 1893 1799 1976 quid
1820 1894 1897 1959 novi
1919 1893 1959 1959 ad
1982 1893 2013 1960 d.
2036 1918 2066 1961 v.

159 1978 314 2042 Salutaut
335 1986 369 2043 tc
390 2000 476 2044 uxor
493 1988 526 2045 et
538 1978 706 2046 domestici
727 2000 848 2045 omnes.
883 1977 1046 2047 Decausa
1097 1978 1247 2045 deberem
1269 1977 1410 2044 scribere
1439 1987 1567 2044 tantum
1591 1981 1729 2045 ussautcs
1752 1981 1808 2062 qui
1830 1980 1931 2044 latine
1954 1979 2068 2046 dicun-

71 2062 264 2128 Bertteterti
292 2063 454 2129 nihildum
484 2066 608 2148 scripsi.
653 2065 801 2130 Vixdum
833 2065 937 2132 habeo
958 2064 1043 2147 quod
1097 2074 1152 2129 tur
1180 2065 1307 2130 livones
1335 2065 1383 2128 illi
1412 2064 1666 2148 depercuserunt
1689 2065 1875 2148 episcopum
1893 2087 1989 2130 suum
2012 2066 2068 2147 qui

72 2159 161 2215 certo
182 2157 328 2215 statuere
350 2151 471 2232 possim
493 2152 528 2215 in
547 2160 638 2215 tanta
655 2152 865 2217 consiliorum
877 2153 1043 2229 varietate,
1096 2159 1168 2214 erat
1184 2150 1285 2216 frater
1307 2172 1482 2234 germanus
1505 2151 1596 2216 ducis
1618 2152 1744 2234 prusie:
1767 2150 1894 2234 legatus
1914 2150 1971 2215 ille
1993 2151 2068 2217 cllo-

72 2254 176 2317 ecque
197 2236 336 2300 fratrum
358 2245 391 2300 et
407 2237 595 2302 amicorum.
623 2237 728 2319 Oupio
750 2237 898 2320 equidem
921 2248 1044 2303 rectam
1093 2237 1237 2320 pisius³)
1260 2237 1445 2320 aepiscopos
1464 2237 1653 2302 veronensis
1671 2239 1727 2319 qui
1749 2236 1823 2302 vult
1844 2237 1976 2319 polonos
1993 2257 2067 2319 pcr-

71 2328 184 2386 tenere
214 2321 314 2384 viam:
346 2320 404 2386 sed
429 2343 529 2406 quum
557 2323 709 2406 utrinque
735 2324 840 2388 multa
861 2324 1045 2390 afferuntur
1096 2334 1207 2387 eutero
1240 2321 1348 2406 gladio
1382 2329 1497 2388 contra
1525 2321 1608 2386 illud
1635 2322 1715 2386 mite
1737 2321 1881 2406 gladium
1914 2332 2010 2387 tuum
2031 2322 2068 2386 in

69 2426 152 2489 qnae
169 2407 335 2490 insignem
346 2406 506 2473 haberent
517 2409 668 2491 speciem,
691 2410 798 2474 nescio
816 2409 914 2494 plane
931 2419 1043 2475 utrum
1096 2408 1249 2491 vaginam
1282 2428 1301 2472 c
1331 2409 1388 2473 sed
1417 2407 1482 2472 illis
1509 2406 1591 2472 nihil
1621 2408 1726 2484 faciet,
1750 2415 1784 2474 et
1809 2409 1922 2491 quiin
1942 2429 2067 2474 vanum

69 2492 219 2557 futurum
240 2493 284 2558 sit
304 2491 419 2558 utilius
441 2515 478 2560 ac
499 2494 687 2560 consultius.
723 2494 798 2560 Scio
819 2495 853 2561 id
875 2496 989 2562 utilius
1011 2503 1045 2562 et
1095 2493 1328 2559 laboraverunt
1378 2504 1490 2559 contra
1538 2493 1681 2576 polonos.
1739 2494 1801 2559 iste
1846 2492 1974 2576 legatus
2017 2503 2068 2558 cst

70 2576 251 2644 consultius
273 2579 419 2643 futurum
441 2579 526 2662 quod
549 2581 691 2645 Domino
713 2580 818 2664 magis
838 2581 1040 2664 probabitur:
1095 2580 1256 2662 aepiscopi
1285 2600 1360 2646 cum
1389 2579 1515 2645 abbatis
1543 2588 1576 2643 et
1604 2579 1688 2645 alliis
1717 2578 1907 2645 sacrificulis
1936 2591 1970 2644 et
1998 2578 2067 2644 dia-

69 2663 126 2729 sed
146 2663 328 2746 quidillud
350 2664 393 2729 sit
419 2665 563 2731 nondum
585 2687 718 2749 possum
739 2675 829 2731 certo
849 2687 1044 2751 cognoscere
1096 2664 1168 2730 bolo
1201 2676 1294 2748 patre
1315 2665 1454 2730 illorum.
1499 2665 1584 2730 rum
1617 2666 1775 2730 convertit
1805 2686 1841 2730 se
1871 2675 2004 2730 econtra
2025 2664 2067 2729 ad

68 2749 104 2816 in
131 2749 195 2814 hac
216 2750 453 2815 sententiarum
486 2750 685 2818 diversitate.
734 2752 807 2817 Hoc
836 2774 937 2818 unum
960 2753 1043 2819 scio:
1095 2751 1208 2816 iudces
1219 2756 1248 2830 ⁴)
1280 2773 1345 2816 non
1378 2752 1464 2817 sicut
1493 2759 1624 2818 sanctus
1645 2751 1763 2834 paulus
1786 2749 1827 2815 sd
1849 2749 1989 2835 gentiles
2010 2751 2066 2833 qui

69 2835 265 2901 utrumlibet
292 2834 454 2902 eduobus
486 2837 615 2936 eligam,
649 2857 702 2903 me
734 2858 800 2902 nou
820 2859 915 2921 posse
936 2837 1042 2903 homi·
1095 2836 1172 2901 lacit
1204 2837 1393 2903 comburere
1426 2845 1494 2902 tres
1527 2835 1638 2902 iudecs
1660 2837 1714 2920 qui
1747 2836 1925 2902 noluerunt
1957 2835 2066 2902 dicere

69 2942 151 2986 unm
185 2922 330 3005 effugere
351 2923 629 3005 reprehens1ones.
675 2924 725 2988 Tu
747 2924 828 2990 meis
850 2924 954 2990 literis
974 2944 1043 2990 uon
1095 2922 1180 3005 quod
1213 2923 1348 3007 sanguis
1374 2923 1477 2988 exivit
1505 2942 1651 3004 cupane
1683 2921 1831 2988 confosso
1863 2921 1917 2987 vel
1939 2942 1980 2986 ex
2003 2921 2065 2986 deo

70 3006 276 3090 respondisti,
307 3008 383 3090 quic
415 3008 634 3092 suspicabaris
666 3010 802 3075 fortasse
833 3032 887 3075 me
911 3032 977 3076 non
995 3031 1044 3076 sc-
1094 3007 1265 3074 farenaceo
1293 3016 1327 3073 et
1355 3017 1536 3090 posueruut
1558 3029 1622 3073 uno
1644 3007 1739 3073 iudeo
1761 3009 1866 3091 picem
1888 3007 1924 3071 in
1946 3006 2066 3073 bucam

71 3101 253 3175 quuturum
276 3093 455 3159 consilium.
490 3096 541 3160 Tu
563 3095 678 3160 saltem
700 3095 892 3162 commenda
911 3097 1043 3162 meDo-
1094 3094 1179 3176 quod
1200 3093 1305 3159 noluit
1326 3093 1433 3159 dicore
1452 3093 1571 3160 falsum
1589 3103 1667 3160 tnnc
1687 3093 1802 3158 iudeus
1823 3092 1968 3158 mortuit.
1991 3112 2066 3159 ecce

69 3179 161 3244 mino
182 3179 343 3262 precibus,
356 3181 411 3263 qui
432 3201 497 3247 nou
519 3180 624 3246 solum
641 3182 812 3248 consilium
824 3182 1042 3248 certissimum
1093 3180 1251 3246 miracula
1264 3178 1387 3245 domini
1397 3200 1508 3263 papae.
1534 3180 1587 3245 Dc
1601 3177 1732 3244 domino
1750 3180 1920 3245 diaconico
1932 3177 2018 3242 nihil
2033 3177 2064 3242 d.

71 3262 149 3330 dare
171 3272 289 3349 potest,
311 3264 369 3331 sed
391 3266 489 3331 etiam
507 3268 635 3331 efficere
652 3278 690 3332 ut
710 3287 836 3349 sequar.
1093 3285 1124 3329 v.
1136 3265 1242 3332 scribo
1260 3265 1380 3332 scribat
1397 3265 1486 3333 solus
1503 3265 1560 3348 qui
1579 3265 1678 3330 habet
1695 3273 1814 3330 etatem
1833 3272 1866 3330 ct
1881 3284 1936 3328 me
1953 3263 2065 3328 melic-

156 3351 210 3416 De
231 3371 317 3417 novo
336 3352 409 3416 inre
419 3352 502 3418 falsa
519 3353 601 3417 mihi
622 3355 813 3419 renunciata
830 3361 932 3418 erant.
965 3353 1042 3418 Non
1093 3372 1162 3416 rem
1194 3352 1364 3435 ingenium
1385 3361 1418 3415 et
1441 3352 1566 3417 bonum
1587 3350 1726 3415 latinum
1743 3350 1862 3415 melius
1883 3369 1982 3431 quarn
2004 3370 2065 3433 ego

72 3435 168 3500 aliter
188 3436 289 3503 habet
310 3456 408 3503 causa
429 3459 526 3521 quam
549 3448 586 3503 ut
604 3459 624 3503 a
644 3459 697 3504 me
713 3439 821 3505 fuerat
837 3438 944 3504 Besae
964 3460 1042 3504 uar-
1093 3437 1151 3502 sed
1180 3438 1289 3502 nescio
1317 3438 1345 3502 si
1372 3436 1435 3503 erit
1455 3447 1524 3501 tam
1546 3443 1718 3519 promptus
1736 3435 1778 3500 ad
1799 3434 1829 3499 d.
1851 3455 1883 3500 v.
1906 3433 2064 3501 scribere:

73 3530 151 3586 rata
205 3522 290 3589 Vale
323 3523 443 3606 optime
464 3546 510 3591 ac
539 3524 729 3591 diutissime.
780 3525 977 3591 Lausaunse
1012 3528 1041 3589 6.
1094 3530 1219 3587 tantum
1248 3523 1311 3588 hoc
1337 3523 1422 3604 quod
1450 3543 1517 3587 non
1540 3521 1681 3586 libenter
1705 3521 1800 3586 illum
1826 3520 1940 3586 vident
1960 3520 2066 3586 nostri

73 3608 154 3690 Aug.
1095 3608 1237 3691 episcopi
1259 3606 1491 3691 archiepiscopi
1513 3615 1546 3672 et
1566 3628 1679 3673 omues
1690 3608 1862 3672 misatcres
1881 3614 1942 3672 etc.
1959 3605 2066 3671 liben-

846 3747 853 3762 .
1095 3701 1145 3758 ter
1165 3693 1259 3759 illum
1281 3695 1426 3759 facerent
1442 3700 1595 3776 quartum
1612 3693 1806 3759 crucifixum
1828 3692 1939 3757 omnia
1959 3690 2065 3756 liben-

557 3748 648 3813 T¹¹¹¹⁸
669 3747 790 3813 P⁰tf¹¹⁸
810 3747 956 3813 vum·
1094 3787 1145 3847 tcr
1177 3777 1394 3846 describerem
1426 3799 1500 3845 cum
1532 3777 1615 3843 bono
1647 3778 1756 3843 auimo
1783 3775 1840 3843 sed
1869 3798 1934 3842 uon
1957 3777 2066 3842 suficit

1095 3866 1176 3930 mihi
1198 3865 1347 3930 latinum.
1369 3885 1447 3948 rogo
1468 3871 1601 3948 propter
1617 3862 1729 3928 Deum
1749 3872 1861 3947 parcat
1882 3862 1964 3927 mihi
1983 3861 2013 3926 d.
2032 3884 2064 3928 v.

1095 3952 1123 4016 si
1145 3950 1267 4034 aliquid
1286 3950 1372 4016 male
1393 3951 1508 4032 scripsi
1529 3949 1653 4033 quumi
1700 3949 1985 4014 orcncia'excuset
2007 3967 2064 4030 ps·

1094 4044 1213 4102 catum.
1257 4035 1342 4102 Oum
1364 4035 1416 4101 his
1436 4035 1530 4119 cupio
1552 4033 1583 4100 d
1605 4056 1637 4102 v.
1653 3969 1743 4099 {gne
1765 4034 1876 4100 valere
1897 4054 1972 4099 cum
1995 4040 2064 4098 tota

1094 4119 1190 4187 domo
1227 4121 1258 4187 d.
1297 4144 1328 4187 v.
1359 4121 1396 4185 in
1424 4121 1521 4205 longa
1558 4128 1705 4203 tempora
1733 4127 1866 4203 propter
1894 4117 2064 4184 ecclesiam

1094 4207 1192 4274 cristi.
1237 4208 1292 4272 Ex
1314 4207 1484 4273 ivanovicc
1505 4231 1537 4272 x.
1560 4205 1690 4291 augusti
1712 4226 1799 4270 anuo
1821 4203 1946 4269 domini
1972 4206 2062 4267 1556.

511 4274 606 4347 2513.
1526 4343 1533 4358 ,
1600 4344 1606 4357 ,
1655 4344 1662 4358 ‚

1324 4352 1430 4410 vestre
1449 4343 1682 4410 dommacronrs
1703 4342 1925 4410 humrhsrmus
1947 4363 2064 4410 servus

269 4427 587 4497 SOAROZOVIUS
594 4433 619 4510 ¹)
637 4428 854 4496 OALVINO.
1476 4427 1902 4599 stanislagrglofflplasrcuowsky

163 4599 203 4666 Ut
234 4600 432 4683 diocaeses
464 4602 543 4666 tosti
571 4602 635 4667 oiri
655 4601 881 4666 bmcitstem
901 4622 1041 4668 remerte-

57 4690 165 4785 ’Μ
178 4687 340 4787 ’,ΨΜ
357 4687 511 4787 dmm
531 4706 635 4753 rem
654 4687 739 4770 sm
756 4707 794 4787 eft
813 4685 953 4766 Pdffllar
976 4693 1042 4754 mm
1194 4721 1224 4787 2)
1243 4720 1454 4775 dominationem
1470 4724 1613 4777 vestrem.'

60 4777 229 4872 ecpumtc
239 4772 394 4840 lctemtcte
414 4773 575 4839 edomata
596 4777 631 4838 ut
651 4773 698 4840 cel
719 4772 814 4839 cccc
824 4793 924 4840 eccas
944 4774 1041 4859 diona
1194 4789 1225 4855 a)
1243 4790 1373 4860 Atoysiue
1390 4789 1587 4857 mppomaece.

66 5046 207 5114 aem)
229 5043 541 5103 rotnascenses.
1163 4998 1252 5067 Ur·
1270 4994 1442 5065 ‘liedda
1458 4994 1494 5050 11·
1510 4993 1569 5050 60³.

64 5117 159 5172 2518.
173 5116 204 5183 1)
228 5115 278 5170 Vir
295 5116 417 5238 cle‘o'pue'n
446 5117 452 5128 ’
504 5121 555 5171 tas.
588 5113 710 5180 dedebat,
727 5120 759 5170 ut
773 5113 885 5180 videbis,
902 5114 934 5169 e'o
950 5114 1042 5169 eodecs

64 5185 126 5244 loeo
150 5202 206 5257 pso
229 5190 254 5239 et
271 5183 345 5238 Dles
362 5201 389 5249 c,
415 5184 494 5240 ecies
519 5185 640 5254 seqnitur
666 5184 787 5254 epistola
813 5189 839 5239 et
860 5183 937 5253 apud
958 5199 1041 5254 vem

66 5263 135 5312 tanc
153 5254 285 5323 temporis
302 5252 469 5310 delitescebat
485 5253 675 5309 Lismcne'nca.
1467 5272 1670 5285 ——-·-
