4688 5902
74 301 141 362 413
912 303 993 362 1557
1010 296 1242 364 FEBRUAR.
2010 303 2076 362 414

74 486 149 550 erit.
183 485 277 564 Vale,
290 486 498 551 ornatissime
520 487 572 550 vir
590 500 623 552 et
633 485 735 551 frater
756 485 839 549 mihi
850 484 1049 549 honorande.
1103 485 1199 551 liceat
1231 489 1300 550 suis
1334 485 1547 568 vectigalibus
1585 492 1619 549 et
1646 484 1836 550 sacerdotiis
1883 485 1956 562 frui,
1989 484 2076 568 qnod

75 570 233 654 Collegae
251 572 316 635 mei
338 579 372 635 et
393 572 510 655 reliqui
532 571 628 638 amici
649 580 681 636 to
697 571 876 653 plurimum
898 570 1050 635 salutant.
1103 572 1307 655 Augustanis
1335 571 1474 636 comitiis
1502 569 1698 655 denegatum
1720 579 1799 634 erat.
1840 570 1915 635 Duo
1938 570 2073 650 nobiles,

76 657 131 721 'Pu
148 655 293 723 vicissim
323 657 389 722 tuis
422 658 613 742 symmystis
642 657 818 739 plurimam
841 655 979 721 salutem
1002 654 1050 719 di-
1103 676 1243 739 quorum
1271 656 1354 720 alter
1384 655 1583 721 christianus
1615 656 1698 720 alter
1722 655 1851 737 papista
1868 669 1947 733 erat,
1965 677 2074 722 coram

76 762 141 806 ces.
185 740 349 807 Dominus
381 762 441 807 vos
473 764 586 808 omnes
616 752 748 807 tueatur
780 749 873 826 regat
895 763 932 806 ac
954 743 1052 807 susti·
1104 742 1194 827 regio
1212 742 1349 808 oonsilio
1371 740 1411 806 de
1432 741 1588 825 religione
1606 750 1675 805 tarn
1696 741 1815 808 acriter
1836 741 2078 831 contenderunt·

74 837 164 892 neat
209 827 365 894 Genavae
393 833 439 893 17.
463 828 638 893 Februarii
660 833 750 892 1557.
1104 842 1142 892 ut
1163 848 1233 892 sese
1255 828 1297 892 ad
1315 825 1459 892 duellum
1482 827 1569 891 inter
1590 847 1625 891 se
1647 836 1869 908 provocarent
1913 827 2074 894 Postridie

1104 914 1189 977 forte
1205 914 1239 977 in
1263 914 1317 977 via
1338 934 1439 995 quum
1460 912 1547 976 inter
1568 933 1604 976 se
1622 912 1847 991 occurrissent,
1865 913 1988 976 mutuis
2000 913 2073 977 vul·

1105 1000 1240 1064 neribus
1261 997 1447 1063 miserando
1470 998 1653 1080 spectaculo
1676 1018 1710 1062 se
1732 996 2007 1063 contrucidarunt.

1191 1082 1491 1167 Magdeburgensis
1520 1083 1709 1148 Bremcnsis
1739 1093 1772 1147 et
1799 1081 2074 1167 Wittembergen·

1106 1170 1150 1234 sis
1172 1168 1324 1234 ecclesiae
1341 1168 1576 1234 conciliationis
1590 1177 1736 1250 speratae
1758 1176 1945 1233 attentatae
1967 1169 2074 1251 cupita

1105 1253 1170 1320 huc
1191 1253 1318 1337 perlata
1345 1264 1429 1320 sunt
1444 1258 1470 1329 5)
1514 1252 1566 1317 De
1595 1253 1890 1335 praedestinatione
1911 1262 1944 1318 et
1966 1274 2073 1319 sacra·

1104 1340 1274 1404 montariis
1296 1361 1334 1404 ea
1355 1342 1476 1421 scripta
1493 1347 1572 1404 sunt
1594 1360 1675 1421 quae
1697 1358 1859 1404 summam
1880 1339 1992 1405 multis
2013 1339 2072 1404 ho·

512 1472 601 1542 2598
675 1477 677 1480 .
1104 1426 1246 1490 minibus
1270 1424 1528 1507 desperationem
1551 1425 1698 1489 afferant.
1742 1424 1806 1490 His
1832 1425 1970 1490 comitiis
1999 1447 2073 1508 spes

603 1522 612 1543 ·
1105 1510 1274 1593 explorata
1305 1524 1363 1586 ost,
1397 1510 1535 1575 Interim
1566 1511 1703 1575 eiectum
1736 1510 1777 1573 iri
1811 1509 1963 1593 undique.
2008 1511 2071 1576 Ve-

308 1627 598 1695 HOTOMANUq
622 1626 827 1694 CALVINO
1102 1616 1176 1660 rum
1188 1616 1230 1659 ne
1243 1617 1309 1661 una
1326 1595 1655 1662 sacramentariorum
1673 1595 1826 1661 ecclesiae
1839 1595 2071 1678 prohibeantur

573 1663 590 1693 k
830 1678 836 1692 '
1103 1701 1262 1764 magnum
1285 1693 1335 1747 est
1357 1681 1547 1764 periculum.
1592 1678 1666 1761 Quo
1689 1682 1794 1764 magis
1824 1702 1884 1764 ope
1906 1690 1963 1747 tua
1984 1681 2072 1764 apud

1104 1766 1253 1832 dominos
1282 1766 1430 1832 consules
1460 1779 1493 1830 et
1514 1765 1665 1849 precibus
1688 1766 1773 1848 apud
1795 1767 1902 1830 Deum
1928 1788 2070 1850 egemus.

73 1884 303 1952 rasceretur
325 1885 893 1969 intertbeolopospcstisetycreudis,
916 1886 1053 1950 maxime
1189 1853 1230 1916 D·
1257 1851 1289 1916 P
1287 1851 1426 1935 5111111143
1459 1851 1537 1915 mihi
1566 1852 1695 1950 89111155
1707 1855 1733 1926 ⁶)
1763 1866 1796 1916 et
1817 1852 1946 1917 d⁰0ium
1970 1875 2071 1935 quen·

74 1973 115 2036 ‹le
136 1970 286 2052 colloquio
307 1991 376 2035 111111
400 1972 541 2052 papistis
570 1970 715 2044 1111111110,
747 1970 784 2034 de
806 1970 1052 2035 mammis
1104 1937 1178 2001 dam
1202 1937 1343 2003 nobilem
1373 1935 1621 2002 commendavit.
1669 1937 1720 2001 De
1742 1958 1800 2003 suo
1828 1937 1973 2003 adventu
1996 1939 2071 2003 nul-

75 2056 225 2139 αηιὸὶριια
245 2055 315 2136 fide,
346 2056 383 2120 dc
409 2058 553 2122 ecclesiae
580 2056 754 2139 pellicanus
783 2057 1052 2139 Arpcntorutensis
1103 2021 1171 2120 hm?
1191 2022 1335 2122 mium·
1369 2022 1495 2087 N⁰bffi⁸
1513 2035 1624 2087 tamen
1640 2022 1721 2087 mihi
1744 2023 1784 2087 de
1800 2024 2071 2122 .⁰⁰⁰⁰¹¹firm³.Vi⁸·

74 2142 267 2218 dimum,
291 2143 328 2206 de
359 2141 597 2206 mmmm
619 2143 852 2226 mmmmm
1103 2108 1234 2173 Adiecit
1250 2131 1285 2172 rn
1303 2118 1506 2174 sacramento
1531 2119 1678 2172 nostrum
1701 2130 1778 2186 esse,
1798 2131 1831 2173 in
1851 2110 2071 2190 praedcsuna·

1103 2194 1192 2257 tione
1214 2205 1325 2275 aperte
1343 2215 1380 2259 ac
1398 2194 1589 2258 nominat-im
1608 2194 1668 2258 tibi
1686 2215 1877 2277 repugnare,
1900 2206 1934 2258 et
1951 2194 2071 2260 librum

239 2312 294 2377 (111
312 2311 478 2381 auwffapho
503 2312 565 2365 cdd.
584 2311 687 2364 Gener.
708 2312 755 2362 114
785 2310 903 2379 1011211)
1101 2278 1224 2342 iamin
1247 2280 1398 2344 manibus
1428 2279 1556 2343 habere.
1601 2277 1769 2359 Quantum
1798 2279 1893 2344 video
1922 2279 2070 2346 diabolus

758 2353 764 2377 ’
1101 2385 1155 2429 eos
1184 2365 1310 2430 animos
1335 2363 1476 2429 reddidit
1501 2364 1691 2446 quibusdam
1722 2387 1802 2447 quos
1829 2367 1922 2430 aiunt
1943 2366 2069 2431 Ducem

1102 2449 1257 2515 Seserem
1287 2458 1450 2514 mortuum
1479 2451 1641 2525 habuisse,
1672 2451 1741 2514 vim
1764 2450 1945 2516 Helvetiois
1967 2450 2069 2516 eccle-

1100 2534 1157 2600 siis
1190 2537 1452 2601 sacramentariis
1488 2534 1654 2612 afferendi,
1695 2537 1758 2601 nisi
1793 2535 1866 2600 belli
1902 2537 2069 2602 calamitae

1100 2620 1169 2685 eius
1187 2630 1337 2685 conatum
1360 2621 1565 2685 retardasset.
1610 2621 1707 2685 Nunc
1730 2622 1814 2704 apud
1837 2622 2000 2705 principes
2022 2623 2070 2687 ita

348 2741 404 2806 ¹³¹²
434 2740 642 2805 Honor
671 2739 706 2806 S·
726 2738 767 2803 ⁰·
1096 2706 1422 2875 llttffllttt‘il
1452 2707 1919 2874 asciscuntur
1936 2707 2068 2858 trit

163 2876 353 2943 Clarissimo
382 2879 442 2954 vir,
479 2898 578 2959 quum
608 2876 794 2941 avidissime
823 2886 896 2940 tuas
928 2875 969 2939 ad
1002 2874 1044 2939 D.
1099 2876 1139 2941 de
1161 2897 1289 2941 summa
1310 2898 1367 2960 spe
1390 2875 1518 2943 decidit.
1563 2876 1631 2941 Nos
1658 2879 1693 2941 in
1721 2877 1818 2942 horas
1841 2888 2068 2961 exspectamus

73 2962 254 3029 Consulem
267 2968 292 3040 ¹)
313 2962 426 3028 literas
449 2970 722 3045 exspectaremus,
745 2961 862 3028 aooidit
871 2982 978 3044 nuper
1000 2971 1045 3036 ut,
1097 2982 1196 3044 quam
1219 2984 1295 3027 mox
1317 2961 1410 3026 nobis
1432 2962 1672 3028 cathechismus
1694 2984 1801 3029 novus
1823 2963 2027 3042 obtrudatur,
2037 2966 2065 3042 ⁸)

74 3069 177 3132 quum
199 3049 233 3112 in
256 3068 370 3114 mensa
379 3049 482 3129 ipsius
502 3069 577 3112 cum
595 3046 717 3130 aliquot
739 3048 852 3113 amicis
874 3067 1045 3113 coenarem
1097 3048 1159 3113 hoc
1177 3057 1226 3113 est
1246 3048 1540 3125 lutheranissimus‚
1560 3057 1593 3112 et
1610 3047 1686 3113 data
1697 3070 1795 3131 opera
1807 3050 2008 3132 conscriptus
2030 3059 2068 3115 ut

73 3154 112 3199 ac
129 3135 170 3198 de
193 3143 225 3199 te
247 3135 446 3198 mentionem
469 3135 517 3198 illi
539 3136 689 3207 facerem,
712 3131 914 3215 responderit
935 3154 970 3197 se
988 3133 1046 3197 abs
1097 3134 1198 3197 animi
1217 3134 1320 3198 nostri
1339 3141 1516 3198 tententur.
1547 3133 1800 3199 Oonoionatores
1818 3135 1921 3200 nostri
1943 3135 2065 3217 optimo

73 3231 108 3283 tc
129 3219 227 3302 paulo
240 3229 316 3284 ante
337 3240 437 3284 manu
461 3228 518 3284 tua
533 3220 671 3300 scriptas
693 3219 804 3283 literas
827 3217 1001 3301 accepisse:
1015 3221 1044 3299 2)
1097 3219 1206 3283 animo
1235 3233 1321 3284 sunt.
1367 3218 1461 3283 Nihil
1489 3219 1585 3284 video
1614 3220 1677 3284 uisi
1705 3220 1858 3286 ecclesiae
1884 3219 2066 3302 gallicanae

73 3326 191 3388 rogare
212 3316 249 3369 ut
270 3317 303 3370 te
324 3306 427 3387 ipsius
440 3308 570 3370 nominc
593 3305 841 3388 diligentissime
859 3304 1044 3369 salutarem.
1097 3306 1308 3370 eversionem.
1887 3358 1893 3364 .

74 3392 126 3455 Ea
146 3412 183 3456 re
204 3390 315 3454 audita
337 3391 378 3455 D.
405 3389 621 3466 Oonrodmffl)
644 3391 841 3473 interrogavi
864 3389 978 3471 ecquid
1000 3391 1045 3454 is·
1182 3388 1289 3454 Hodie
1322 3390 1434 3454 literae
1464 3411 1484 3454 a
1513 3388 1591 3456 Coto
1623 3389 1741 3455 allatae
1773 3391 2005 3474 poenitentiam
2034 3399 2066 3456 ct

73 3475 230 3542 tiusmodi
262 3475 416 3541 audisset.
458 3477 603 3561 Negavit
632 3495 670 3539 ao
698 3477 823 3540 veritus
853 3483 904 3540 est
926 3496 968 3538 ne
989 3475 1045 3539 ille
1097 3476 1317 3540 reversionem
1346 3474 1550 3558 pollicentur.
1563 3479 1588 3542 ⁹t
1633 3474 1737 3558 Spero
1767 3475 1815 3539 illi
1837 3488 1989 3558 paratum
2011 3476 2065 3542 hio

73 3564 115 3626 de
133 3563 199 3626 tuis
229 3561 334 3627 literis
363 3562 416 3628 hic
445 3561 533 3645 apud
562 3581 622 3626 noe
649 3563 778 3643 scriptis
800 3561 906 3624 bonus
928 3562 979 3624 vir
1002 3561 1046 3624 lo·
1096 3559 1204 3625 locum
1233 3580 1305 3625 esse
1333 3573 1370 3625 ut
1403 3559 1642 3643 philosophiam
1677 3561 1799 3627 doceat.
1855 3559 1923 3625 Oro
1956 3560 2066 3628 Deum

72 3655 195 3730 quutus
213 3655 306 3712 esset.
357 3649 429 3712 Hoc
458 3659 576 3725 tamen,
606 3645 763 3730 quidquid
793 3657 851 3723 est,
870 3647 1045 3711 statuimus
1095 3653 1133 3711 ut
1149 3645 1242 3712 illum
1264 3654 1297 3710 et
1318 3666 1430 3711 omnes
1448 3645 1527 3711 alios
1549 3645 1590 3710 ad
1601 3645 1730 3730 frugem
1751 3655 1890 3725 revocet
1913 3654 2010 3730 teque
2027 3668 2065 3713 ac

72 3734 114 3797 ad
137 3743 170 3798 tc
192 3732 398 3798 scribendum
429 3755 508 3811 esse,
532 3734 724 3815 praesertim
747 3752 847 3813 quum
870 3732 1044 3796 admonere
1095 3738 1185 3796 tuam
1207 3731 1377 3798 ecclesiam
1410 3739 1589 3797 conservet.
1629 3732 1692 3796 Vir
1718 3732 1897 3797 clarissime
1919 3745 1952 3797 et
1973 3741 2065 3815 pater

71 3836 105 3884 te
127 3818 332 3902 quarundam
343 3839 454 3883 rerum
474 3821 508 3883 in
521 3819 630 3884 animo
652 3818 815 3893 haberem,
838 3838 920 3900 quas
931 3818 1042 3881 Ratis·
1095 3816 1305 3896 observande,
1335 3818 1408 3883 vale
1437 3837 1475 3881 ac
1494 3817 1594 3882 salve.
1635 3820 1772 3901 Argent.
1800 3822 1847 3881 17.
1870 3818 1949 3883 Feb.
1972 3822 2062 3882 1557.

74 3905 159 3970 bona
170 3910 197 3979 ⁴)
220 3905 261 3968 ad
283 3913 435 3969 senatum
459 3905 602 3987 perlatas
624 3913 790 3969 senatores
811 3903 943 3985 quidam
962 3903 1043 3966 mihi

72 3997 261 4054 narrarunt.
309 3989 488 4072 Philippus,
501 3990 654 4055 Bruttias
674 3999 708 4054 et
732 3987 894 4070 Sestilia,
916 3991 1043 4054 concio·

73 4082 169 4139 nator
190 4076 366 4146 liberorum
395 4077 542 4142 electoris
570 4075 692 4141 Saron.
726 4075 888 4138 demortui
910 4075 1043 4139 ineunte
1194 4106 1224 4175 b)
1241 4107 1313 4163 Am
1335 4113 1481 4162 ο0111111111
1505 4106 1680 4164 Gom-cm
1701 4107 1750 4160 1111
1767 4104 2062 4175 1111111111Ρ111111,

72 4182 152 4226 vere
174 4162 395 4227 evocabuntur
422 4173 459 4227 ut
476 4184 550 4228 oum
572 4163 678 4226 tribus
700 4163 837 4243 papistis
860 4160 959 4240 (Soio,
983 4160 1043 4225 Oo-
1092 4177 1181 4247 pieac
1206 4176 1379 4231 moretm
1400 4175 1538 4243 deremet,
1559 4176 1629 4243 apes
1654 4173 2062 4245 succrescentem.

72 4249 169 4329 nmio)
190 4247 416 4329 colloquantur
442 4248 481 4313 de
508 4247 674 4332 religione.
718 4247 870 4311 Aderant
888 4245 1043 4311 ambabus
1092 4248 1128 4311 cf.
1149 4245 1314 4325 Ptaectvl.
1333 4244 1439 4314 torqq.
1459 4244 1589 4306 Schmidt.
1609 4242 1752 4325 151592.
2032 4315 2037 4326 .

72 4331 220 4415 partibus
242 4332 329 4406 docti
351 4333 424 4411 viri,
453 4343 490 4398 ut
508 4334 570 4399 scis
592 4353 662 4397 esse
683 4333 791 4397 moris.
825 4332 950 4416 Magna
965 4351 1043 4397 oon·
1093 4384 1175 4439 mam
1195 4310 2061 4448 &3⁴⁸5sszsssslffiffiwwffispffiffiffl'⁶202¹

73 4419 219 4482 tentione
247 4427 392 4484 certatur
419 4431 451 4484 et
478 4441 577 4503 prope
605 4420 670 4483 iam
697 4419 907 4502 impetratum
930 4429 979 4482 est
1007 4425 1044 4481 ut
1196 4450 1223 4517 1)
1243 4450 1385 4518 mla,
1401 4453 1459 4506 11111
1476 4450 1547 4504 dm„
1564 4449 1727 4518 1111111111
1744 4464 1770 4502 11,
1789 4445 1856 4501 1559
1873 4453 1899 4501 et
1916 4445 1993 4502 1560.

73 4504 234 4586 episcopis
264 4505 533 4587 amplectentibus
557 4509 786 4590 Augustanam
808 4504 1042 4569 consessionem
1114 4588 1120 4601 ι
1195 4520 1226 4586 8)
1253 4519 1381 4601 Minores
1405 4521 1647 4598 Arcenterotenser
1672 4518 1818 4598 sempter»
1847 4515 2062 4599 rimaranes·

641 4727 707 4737 ,,
1093 4585 2063 4738 ruittttstsrccututttstaarum

74 4725 205 4790 25951)
223 4724 395 4790 Psenerum,
413 4727 448 4790 cf.
467 4725 504 4778 N.
523 4723 598 4778 1546.
618 4725 678 4778 crde
695 4725 772 4791 tetro
789 4722 829 4780 N.
848 4722 924 4778 2632.
1094 4731 1138 4781 tus
1155 4739 1218 4780 cero
1236 4731 1305 4780 satos
1320 4726 1415 4781 acui
1430 4740 1468 4779 aa
1486 4723 1587 4780 Bucen
1604 4723 1791 4779 comeciam
1809 4738 1827 4776 a
1846 4720 1975 4778 Skrdm
1996 4723 2062 4778 Gal·

176 4793 208 4860 2)
225 4810 295 4862 qaue
310 4794 512 4848 interciderant.
1093 4793 1143 4849 lice
1159 4810 1265 4848 cerrum
1282 4794 1480 4848 macodo-sse
1497 4792 1613 4855 (Roehr.
1629 4791 1678 4846 111.
1697 4789 1767 4858 105).

176 4863 206 4926 3]
225 4862 385 4918 Hadriam.
1197 4863 1225 4927 9]
1255 4861 1316 4930 Quo
1340 4863 1373 4916 dc
1396 4878 1480 4918 eausa
1499 4860 1639 4915 medusa.
1677 4860 1741 4928 lpse
1759 4858 1806 4914 Sir
1826 4862 1888 4914 Aet
1909 4858 1981 4914 θοοὶ
1999 4862 2061 4916 otu

176 4929 208 4993 1)
234 4930 402 4987 saccom
422 4930 530 4985 mitio
559 4930 674 4999 Imperii
703 4931 907 4985 mutemur
928 4927 992 4982 inde
1017 4945 1043 4982 a.
1095 4930 1274 5000 Arycaterau'
1288 4935 1395 4988 meret
1412 4931 1463 4999 (N.
1482 4928 1570 4995 1953).

74 5001 150 5056 lulio
166 4997 234 5054 1556
252 5015 335 5069 usquc
353 5001 391 5055 od
407 4997 730 5068 conclamandam.
748 4999 810 5052 Hoc
830 5000 891 5066 ipso
908 4995 953 5075 die
973 4997 1044 5051 uec

72 5072 196 5140 beorum
212 5076 367 5137 convectos,
385 5069 423 5123 ed
437 5066 479 5121 24
491 5067 563 5135 Aac.
573 5068 771 5135 convocandus,
787 5066 964 5121 Womotrom
981 5079 1043 5121 oon·

73 5142 266 5277 &mmmm
281 5154 335 5273 {dio
350 5154 390 5262 §a
406 5137 671 5272 fflifignnetteel)
682 5143 747 5191 eant
763 5135 894 5191 uum
916 5132 1043 5190 wactas

530 964 672 1029 Ioannes
702 963 858 1029 Calvinus
881 972 966 1027 tuus.

165 1800 268 1880 Affcrt
290 1801 442 1881 quaedam
470 1821 574 1866 reseas
600 1801 686 1881 focio
712 1805 740 1863 et
763 1804 926 1880 prosim
948 1819 1051 1864 rumo-

76 2483 270 2549 Clarissimo
290 2484 363 2549 viro
386 2482 428 2548 D.
445 2483 564 2548 Ioanni
576 2484 714 2549 Calvino
732 2483 882 2549 ministro
893 2482 1048 2550 ecclesiae

174 2569 379 2636 Geuevensie
412 2568 600 2634 fidelissimo
618 2579 651 2634 et
672 2569 953 2652 praestantissimo

69 4641 278 4655 *-
