4778 5888
306 300 370 384 ιιι
541 275 542 279 '
1062 288 1321 356 assarones
1341 291 1553 357 2511-2513
2238 298 2297 361 aaa

309 487 472 553 eiicercnt.
516 480 613 563 Quod
646 502 746 563 quum
779 500 844 544 non
868 480 1071 546 dissimulare
1101 477 1277 560 potuerint,
1329 486 1362 544 at
1393 478 1538 545 vicissim
1571 479 1703 546 avobis
1735 482 1916 564 exponatis.
1967 482 2087 547 Moneo
2116 489 2228 548 autem
2259 502 2298 547 ne

309 593 368 658 pro
390 569 454 635 fide
474 589 533 634 sua
554 568 588 631 in
607 567 749 650 patriam
771 566 946 632 incurrisse
964 586 999 631 se
1008 563 1180 631 Gallorum
1203 561 1279 627 odia
1329 563 1489 646 prolixam
1523 564 1733 631 conscribatis
1766 566 1947 645 historiam,
1969 566 2027 633 sed
2049 574 2209 650 quantum
2233 568 2299 633 fieri

310 665 344 724 ct
374 654 499 723 Oalulra
530 653 565 716 in
586 652 712 734 primis.
757 653 866 734 Atque
899 672 937 717 ec
964 649 1097 715 tandem
1126 648 1278 714 recidisse
1329 657 1437 732 potest
1470 649 1612 729 brevem,
1638 671 1721 733 quae
1738 660 1849 717 tamen
1871 674 1940 718 rem
1963 660 2091 737 gestam
2109 652 2299 738 complecta·

310 763 381 807 rem
413 751 452 805 ut
480 739 542 804 sibi
564 738 644 821 iuga
679 736 846 804 consulere
882 736 1004 802 fuerint
1032 735 1144 801 coacti.
1187 734 1277 798 Dum
1329 744 1394 800 tur.
1430 734 1611 801 Videretur
1642 757 1769 821 quoquc
1799 759 1916 821 operae
1945 739 2086 822 pretium
2114 738 2144 804 si
2162 747 2196 804 et
2214 738 2298 805 Galli

310 828 398 894 enim
425 824 568 890 tumultu
597 825 735 888 excitato
758 843 778 886 a
800 821 992 905 quibusdum
1015 820 1146 903 quidam
1168 829 1278 884 essent
1330 821 1387 903 qui
1416 820 1573 886 Scaevae
1604 831 1734 888 suntet
1755 824 1817 906 ipsi
1839 825 1936 890 breve
1955 824 2114 907 scriptum
2132 843 2301 907 compone-

312 912 450 978 oonicoti
481 911 516 974 in
539 907 669 975 vincula
688 928 726 974 ac
748 915 989 990 torquerentur,
1011 920 1049 972 ιιι
1069 906 1164 970 fateri
1185 925 1278 988 coge·
1331 913 1406 971 rent
1423 926 1488 987 quo
1506 927 1541 972 se
1559 918 1763 989 excusarent,
1787 930 1821 975 se
1843 931 1909 975 non
1932 930 2003 976 esse
2025 910 2175 975 homines
2197 909 2300 976 malae

311 1010 426 1064 rentur
454 995 584 1060 exsules
609 1014 680 1059 esse
707 1000 835 1058 autores
864 1002 920 1058 aut
941 992 1116 1077 participes
1138 999 1172 1055 ct
1192 1011 1280 1057 com·
1330 990 1406 1056 fidei
1438 1001 1472 1056 et
1503 993 1701 1075 perniciosos
1728 994 1933 1078 reipublicae,
1966 996 2016 1061 uti
2044 1004 2243 1061 accusantur
2264 997 2300 1062 ab

310 1083 412 1166 plicas
429 1080 607 1156 seditionis,
625 1080 688 1144 nisi
710 1087 742 1143 et
763 1078 826 1162 ipsi
847 1079 881 1142 in
900 1098 1046 1144 carceres
1064 1076 1139 1142 duci
1161 1083 1280 1142 etcau·
1332 1075 1508 1142 exsulibus.
1552 1077 1589 1143 Si
1617 1100 1694 1144 vero
1722 1080 1820 1144 etiam
1843 1081 1987 1165 legatum
2009 1081 2140 1147 mittere
2161 1081 2302 1165 placeret

312 1190 383 1235 sam
417 1187 514 1251 agere
545 1167 582 1229 in
614 1165 787 1230 tormentis
805 1164 1029 1241 voluerint,·in
1048 1161 1159 1246 fugam
1181 1162 1281 1226 fuisse
1333 1162 1534 1247 amplissimo
1558 1165 1766 1248 magistratui
1795 1165 1996 1244 Genercnsi,
2015 1167 2070 1249 qui
2091 1167 2156 1231 iret
2177 1166 2302 1232 Badam

312 1253 479 1337 impulsos.
523 1251 664 1334 Fugisse
693 1270 770 1333 ergo
796 1251 873 1327 vim,
892 1270 958 1314 non
980 1250 1100 1314 iustam
1123 1248 1280 1332 cognitio·
1333 1248 1374 1313 ad
1403 1249 1545 1327 comitia,
1578 1269 1645 1314 non
1677 1251 1794 1315 inutile
1816 1262 1849 1317 et
1875 1252 2064 1319 indecorum
2087 1252 2302 1318 videretursi

313 1360 408 1405 nem:
440 1359 478 1404 ac
499 1356 557 1421 per
580 1335 795 1419 amplissimos
823 1334 970 1400 dominos
992 1335 1155 1399 Bernatcs
1176 1331 1282 1397 multa
1332 1355 1374 1399 ex
1387 1333 1493 1399 Galba
1505 1334 1556 1400 vir
1567 1335 1726 1400 honestus
1743 1345 1776 1402 et
1787 1337 1911 1419 primae
1923 1338 2106 1403 autoritatis
2122 1359 2158 1402 se
2169 1338 2302 1404 coniun-

312 1425 414 1490 fuisse
436 1432 572 1498 tentata,
594 1423 622 1486 si
644 1419 750 1486 audiri
772 1431 905 1503 possent
926 1420 1069 1486 accusati
1090 1432 1147 1483 ant
1168 1438 1281 1483 recon·
1333 1427 1426 1503 geret
1448 1418 1555 1504 legato
1578 1422 1748 1487 senatorio.
1792 1422 1833 1488 In
1863 1423 2016 1506 parandis
2038 1431 2149 1488 autem
2175 1424 2303 1508 scriptis

313 1511 425 1588 ciliari,
459 1509 515 1573 sed
538 1506 626 1573 nullo
659 1528 733 1573 cum
765 1507 882 1571 fructu.
926 1506 1058 1570 Interea
1090 1524 1167 1570 vero
1195 1505 1282 1586 ipsos
1334 1513 1499 1571 maturare
1530 1516 1665 1589 oportet.
1710 1511 1861 1592 Aequum
1884 1517 1993 1574 autem
2016 1518 2062 1586 nt,
2085 1509 2113 1573 si
2136 1531 2179 1575 ex
2202 1530 2302 1575 reces-

312 1616 447 1663 manere
474 1602 630 1672 extorres,
660 1592 770 1658 omnia
796 1592 941 1675 ipsorum
967 1592 1052 1657 bona
1072 1591 1151 1673 ipsis
1172 1597 1283 1673 erepta
1333 1590 1423 1657 sibus
1451 1611 1533 1674 quac
1561 1593 1604 1656 sit
1631 1592 1723 1659 velut
1744 1594 1904 1659 accusatio
1927 1594 2079 1660 exsulum
2101 1602 2217 1661 contra
2237 1614 2303 1659 ma·

314 1683 350 1747 in
375 1679 524 1745 manibus
554 1686 587 1743 et
609 1680 679 1743 iure
701 1678 912 1762 magistratus
930 1677 1043 1742 teneri.
1087 1677 1132 1740 Et
1152 1675 1283 1757 quidem
1334 1676 1510 1761 gistratum
1529 1675 1675 1758 audiunt,
1694 1679 1838 1746 vicissim
1849 1679 1962 1764 legant
1976 1688 2159 1745 vestrorum
2171 1698 2303 1746 excusa·

315 1766 447 1833 nonnisi
476 1765 607 1830 adactos
631 1785 760 1830 summa
786 1764 978 1831 necessitate
1000 1762 1113 1828 venire
1134 1768 1284 1844 questum
1335 1763 1466 1827 tionem.
1506 1763 1631 1829 Inutile
1652 1764 1884 1848 propemodum
1908 1765 2038 1831 videtur
2057 1765 2209 1830 futurum
2232 1787 2303 1848 pru·

315 1853 355 1919 de
366 1853 419 1918 his
430 1850 517 1934 apud
528 1849 742 1934 amplissimos
753 1850 982 1914 Helvetiorum
994 1846 1134 1913 ordines.
1158 1845 1284 1927 Quum·
1336 1847 1538 1914 dentioribus
1565 1851 1600 1914 in
1633 1851 1771 1916 comitiis
1804 1849 1934 1916 demum
1955 1850 1997 1916 ad
2030 1854 2070 1917 20
2103 1848 2304 1935 Septembris

315 1960 379 2022 que
397 1936 540 2001 amultis
552 1934 751 2019 temporibus
761 1934 916 2001 Helvetia
932 1934 1045 2000 habita
1062 1935 1105 1999 sit
1121 1954 1180 2017 pro
1192 1931 1284 2016 asylo
1336 1934 1422 1999 velle
1443 1955 1503 2017 per
1523 1936 1668 2019 legatum
1690 1955 1856 2015 excusare,
1878 1958 1978 2019 quum
2000 1957 2044 2002 ex
2064 1936 2231 2020 prioribus
2254 1957 2303 2003 oo·

316 2025 511 2089 miserorum
539 2029 573 2086 et
594 2020 688 2087 domo
719 2022 871 2099 institiae,
904 2021 938 2084 in
962 2040 1059 2103 quarn
1080 2019 1201 2103 recepti
1218 2018 1285 2081 sint
1335 2020 1438 2085 mitiis
1467 2021 1533 2086 iam
1555 2020 1597 2084 ad
1626 2022 1771 2106 singulos
1798 2023 2011 2106 magistratus
2043 2022 2304 2088 adversariorum

314 2109 461 2193 oppressi
502 2107 643 2185 iniuriis,
677 2106 816 2189 denique
848 2114 882 2171 et
909 2106 1035 2183 asserti,
1069 2106 1156 2188 ipsos
1189 2102 1284 2168 modo
1337 2105 1486 2189 querelae
1514 2107 1733 2189 pervenerint.
1775 2107 1952 2173 Praeterea
1976 2108 2105 2174 variant
2122 2116 2156 2173 et
2177 2115 2304 2183 mutan·

314 2214 502 2279 comparere
530 2193 564 2257 in
586 2192 768 2276 legatorum
787 2203 971 2276 conspectu,
999 2211 1036 2256 ac
1056 2189 1221 2267 obtestari,
1243 2209 1285 2254 nc
1337 2202 1391 2256 tur
1412 2188 1481 2256 fere
1503 2192 1611 2276 legati,
1634 2201 1670 2257 ιιι
1687 2193 1811 2276 priores
1832 2213 1900 2258 non
1921 2194 2057 2260 veniant
2078 2201 2138 2259 etc.

315 2281 445 2346 miseris
479 2286 512 2344 et
539 2279 701 2362 oppressis
738 2279 849 2361 inique
873 2277 988 2354 desint,
1028 2276 1085 2342 scd
1113 2275 1286 2341 sublevent
1423 2276 1571 2344 Haecin
1595 2278 2185 2363 tuigratiam,optimevir,dominc
2208 2280 2304 2345 bono·

315 2367 424 2450 potius
449 2386 486 2430 ao
514 2384 630 2430 curare
660 2363 761 2428 velint
791 2373 827 2428 ut
853 2384 951 2429 causa
972 2365 1118 2446 ipsorum
1140 2362 1286 2444 legitime
1338 2361 1439 2428 rande
1472 2371 1505 2427 et
1536 2364 1637 2428 frater
1669 2362 1895 2430 colendissimo
1933 2365 2173 2448 carissimeque,
2196 2365 2304 2448 scripsi

316 2450 517 2525 discutiatur,
531 2447 718 2530 atqueadeo
735 2448 844 2514 aditus
856 2458 889 2514 et
902 2450 1062 2514 discessus
1073 2447 1210 2514 Genava
1228 2467 1285 2530 pa-
1337 2448 1434 2530 paulo
1455 2450 1623 2532 copiosius.
1663 2450 1803 2532 Reliqua
1824 2472 1867 2516 ex
1888 2452 2009 2533 optimo
2031 2451 2102 2516 viro
2129 2449 2239 2518 Caroli
2259 2452 2304 2514 in·

316 2544 393 2616 teat,
422 2535 524 2600 donec
548 2536 695 2617 ipsorum
719 2535 908 2599 innocentia
924 2535 1075 2600 omnibus
1097 2534 1285 2597 innotescat.
1337 2533 1473 2618 telliges.
1484 2535 1648 2617 Impostor
1658 2534 1745 2612 ille⁴l
1758 2535 1977 2618 deprehensus
1989 2543 2022 2601 ct
2033 2538 2166 2620 agnitus
2184 2536 2305 2620 aufugit

401 2621 494 2687 Haeo
525 2620 702 2702 propositio
730 2640 831 2703 quum
861 2619 1024 2704 plerisque
1057 2619 1174 2702 legatis
1203 2616 1287 2681 nibil
1338 2622 1499 2702 protinus,
1512 2621 1631 2704 alioqui
1644 2628 1814 2687 truncatus
1831 2621 2071 2705 fuissetoapite.
2094 2621 2199 2688 Eade
2212 2622 2304 2687 rein·

316 2708 420 2790 iniqui
437 2705 603 2773 videretur
614 2707 791 2783 continere,
811 2705 869 2770 sed
891 2704 1051 2770 duntaxat
1072 2705 1192 2769 iustam
1210 2724 1287 2768 cau·
1338 2706 1465 2790 telliges
1482 2706 1577 2789 plura
1594 2728 1637 2771 ex
1655 2707 1752 2771 affine
1771 2717 1803 2771 et
1819 2707 1920 2772 fratre
1937 2728 2011 2772 meo
2031 2706 2211 2773 Gtcultbm.
2242 2705 2304 2773 Ora

317 2813 373 2859 sae
394 2792 627 2858 discussionem
650 2798 758 2873 petere
778 2801 811 2855 et
831 2790 986 2856 iudicium
1015 2810 1154 2872 aequum
1176 2796 1286 2873 postu·
1337 2792 1501 2874 pronobis
1520 2791 1875 2876 perpetuoDominnm.
1908 2792 2184 2874 PutoMattyrcm
2202 2794 2303 2876 ipsum

316 2879 396 2954 lare,
424 2877 599 2944 voluerunt
620 2877 786 2959 proposita
811 2877 845 2941 in
870 2896 1018 2942 recessus
1039 2877 1186 2958 ipsorum
1209 2894 1286 2940 con·
1338 2878 1464 2961 copiose
1483 2878 1632 2944 scribere.
1668 2877 1824 2944 Salutant
1843 2888 1876 2942 te
1895 2878 2015 2944 fratres
2037 2899 2159 2943 omnes
2196 2877 2304 2945 Saluta

312 2963 417 3030 scribi
450 2970 483 3026 et
511 2962 625 3026 reterri
658 2962 806 3039 domum,
839 2971 878 3026 ut
909 2962 1070 3046 singulae.
1085 2959 1286 3044 respublicae
1338 2970 1374 3028 tu
1406 2984 1518 3028 omnes
1551 2979 1750 3048 symmystas
1782 2971 1815 3029 et
1842 2964 1968 3029 fratres.
2018 2962 2184 3030 Dominus
2217 2965 2315 3033 Iesus

315 3048 396 3132 quid
424 3048 509 3114 facto
537 3067 619 3129 opus
651 3048 696 3111 sit
722 3046 914 3113 consultant
951 3046 1126 3113 (laetorum
1156 3046 1286 3111 exsules
1338 3058 1447 3114 servet
1478 3059 1511 3113 te
1545 3058 1578 3113 ct
1609 3049 1724 3115 liberet
1754 3070 1813 3115 nos
1843 3048 1883 3113 ab
1909 3049 1999 3114 omni
2023 3049 2126 3128 malo,
2156 3047 2303 3117 concedat

317 3135 382 3201 ista
402 3132 623 3216 intelligentes
635 3133 860 3216 significarunt
876 3153 1002 3198 moram
1012 3132 1099 3198 hano
1119 3132 1198 3216 ipsis
1219 3132 1286 3196 fore
1338 3154 1452 3217 paoem
1473 3144 1532 3200 eto.
1576 3135 1691 3219 'Pignri
1715 3141 1743 3199 5.
1765 3136 1907 3220 Augusti
1930 3155 2016 3199 anno
2040 3137 2133 3200 1556.

378 3240 462 3296 vem,
495 3238 596 3302 quum
620 3218 765 3302 plerique
792 3219 859 3283 sint
882 3220 1004 3301 inopes,
1030 3238 1068 3283 ac
1088 3217 1163 3300 plus
1184 3236 1286 3300 aequo
1536 3225 1539 3231 '
1984 3272 1990 3286 .

318 3239 443 3371 Sidous
469 3306 538 3369 suis
568 3303 665 3388 rebus
683 3305 855 3384 caruerint,
877 3313 910 3368 et
928 3324 1002 3369 aere
1019 3303 1126 3368 alieno
1148 3323 1287 3387 gravare
1899 3270 2115 3356 Bulh¹¹3⁰¹¹¹⁸
2137 3280 2224 3337 mm·

318 3412 354 3457 se
387 3397 561 3474 cogantur:
584 3398 696 3471 petere
727 3410 805 3473 ergo
838 3399 875 3454 nt
902 3389 984 3455 haec
1016 3410 1068 3455 res
1094 3399 1285 3454 maturetur.

318 3477 373 3541 Ita
404 3476 527 3540 factum
544 3484 595 3538 cst
617 3495 659 3539 ex
692 3475 972 3540 commiseratione
994 3483 1033 3540 ut
1053 3474 1215 3558 plerisque
1237 3475 1287 3538 vi·

319 3582 393 3628 snm
414 3561 467 3638 sit,
486 3561 599 3625 statim
633 3567 730 3642 atque
762 3560 862 3644 legati
881 3558 1012 3625 domum
1035 3561 1195 3638 venerint,
1225 3559 1286 3625 boc

318 3647 488 3731 negotium
516 3644 761 3728 magistratibus
785 3656 977 3729 proponant,
1010 3653 1107 3729 atque
1128 3646 1164 3710 bi
1185 3645 1287 3728 proti·

317 3753 391 3808 nus,
424 3731 453 3796 si
485 3730 589 3796 velint
616 3731 742 3813 legatos
773 3731 905 3795 mittere
931 3739 965 3796 et
988 3752 1119 3797 causam
1140 3731 1286 3813 ipsorum

318 3817 406 3903 apud
433 3815 670 3898 amplissimum
698 3826 849 3882 senatum
874 3816 1102 3883 Genevcnsem
1125 3836 1231 3900 agere,
1253 3814 1288 3881 id
1772 3780 1869 3854 25¹²·

318 3902 450 3988 quidem
463 3901 567 3967 literis
578 3901 723 3966 Bernam
740 3902 928 3986 perscriptis
940 3902 1132 3986 significent
1166 3901 1286 3985 Ignoro
1605 3917 1805 3985 VIRETUS
1831 3919 2048 3986 (ιΑῙΝΠοΟι

319 3998 428 4055 autem
440 3987 519 4071 qnid
532 3987 676 4051 Bernam
687 3989 903 4071 perscriptum
916 3988 968 4052 sit
1005 3986 1161 4070 Suspicor
1177 3997 1287 4051 autem

317 4074 490 4158 plerosque
527 4092 741 4139 consensuros
773 4074 810 4137 in
854 4072 884 4137 le
909 4075 1050 4137 ationem
1083 4073 1286 4137 mittendam.
1423 4073 1474 4139 De
1494 4072 1585 4139 rebus
1612 4072 1870 4155 Velamima
1890 4074 2007 4160 sepelio
2028 4094 2098 4141 oum
2109 4073 2301 4149 BoaoiIluao,

317 4160 416 4228 Unde
437 4159 528 4224 vobis
548 4159 767 4224 necessarium
795 4159 858 4223 erit
904 4158 1048 4240 spicere,
1071 4159 1099 4223 si
1121 4156 1198 4241 quid
1220 4159 1286 4237 liat,
1339 4159 1376 4225 de
1396 4158 1449 4224 liic
1470 4179 1538 4225 cum
1560 4158 1740 4225 Berlclcrs'a

319 4246 398 4329 quid
436 4241 604 4311 commode
642 4243 866 4327 respondeatis
904 4243 1133 4310 Helvetiorum
1161 4242 1286 4327 legatis.

317 4332 483 4397 Fortassis
503 4330 551 4394 ita
572 4328 705 4396 daretur
727 4330 819 4395 vobis
840 4329 965 4395 occasio
982 4349 1053 4393 rem
1074 4329 1121 4394 ita
1137 4335 1174 4392 nt
1196 4337 1288 4412 gesta
1495 4329 1552 4397 (1³¹
1569 4330 1736 4399 erumpite
1753 4330 1818 4386 c⁰⁴1·
1837 4329 1938 4385 Gener.
1957 4328 2016 4396 115,
2033 4330 2081 4385 fol.
2101 4328 2158 4399 64¹)

318 4425 370 4484 est
396 4413 571 4482 enarrandi
590 4424 624 4480 et
652 4415 829 4481 excusandi
847 4435 915 4493 vos,
938 4415 1133 4497 illorumque
1155 4412 1287 4479 demon·

319 4501 445 4569 strandi
468 4522 521 4566 res
542 4510 660 4583 gestas.
688 4500 862 4566 Caeterum
880 4520 980 4583 quum
1003 4500 1086 4564 nihil
1108 4499 1190 4565 certi
1212 4520 1287 4564 oon·
1425 4500 1557 4566 Eximio
1578 4499 1705 4568 Obristi
1726 4522 1820 4568 servo
1842 4502 1884 4566 Ι).
1907 4500 2025 4567 Ioanni
2047 4499 2198 4567 Calvino.

319 4595 385 4653 stet
413 4587 453 4652 ds
481 4583 651 4652 mittendis
682 4585 797 4668 legatis
829 4607 867 4651 ao
892 4590 933 4649 20
955 4584 1156 4668 Septembris
1174 4605 1288 4651 rursus
2052 4586 2223 4654 Generae.

319 4674 387 4739 sint
408 4670 561 4737 Badenae
583 4680 671 4738 certo
688 4669 881 4737 celebranda
892 4671 1031 4749 comitia,
1053 4678 1237 4754 praestaret
1258 4671 1288 4736 si

319 4759 411 4843 prius
444 4758 611 4823 excusatio
639 4764 750 4822 vestra
776 4757 961 4822 mitteretur
988 4756 1128 4840 legenda
1149 4756 1288 4841 singulis
1424 4753 1461 4821 S.
1479 4756 1680 4823 Nuntiatum
1702 4765 1751 4823 cst
1768 4758 1848 4823 mibi
1869 4779 1928 4825 vos
1948 4758 2061 4824 literas
2083 4760 2247 4842 accepisse
2265 4756 2302 4822 de

319 4842 522 4921 santonibus,
541 4843 578 4906 in
599 4842 684 4909 hanc
695 4851 751 4907 aut
767 4842 933 4908 meliorem
943 4842 1080 4908 formam
1091 4843 1286 4925 comoripta:
1340 4842 1464 4910 erudeli
1488 4843 1575 4927 regis
1597 4842 1726 4909 decreto
1754 4844 1912 4912 adversus
1934 4843 2052 4909 fratres
2073 4842 2244 4928 Inalpinos
2265 4841 2302 4908 sd

321 4929 442 4995 Audire
464 4948 523 4994 vos
546 4927 677 4992 exsules
704 4927 815 4994 Badae
841 4936 972 5012 questos
994 4948 1065 4993 esse
1087 4929 1179 5009 quasi
1200 4928 1287 5011 ipso-
1339 4928 1541 4995 Brittiorum
1551 4929 1658 4995 misso.
1683 4929 1748 5010 Qui
1759 4930 1840 4997 haec
1850 4930 2022 4996 nunciavit
2031 4929 2204 4998 nunciavit
2214 4948 2302 5015 prae·

321 5036 397 5082 rum
418 5033 518 5079 causa
533 5012 691 5079 hactenus
712 5015 797 5081 iuste
819 5034 987 5097 nunquam
1010 5013 1111 5078 fuerit
1132 5012 1287 5091 &mussa
1338 5024 1428 5082 terea
1445 5014 1486 5079 ad
1504 5021 1537 5080 te
1548 5015 1677 5083 venisse
1688 5016 1851 5083 medicum
1867 5017 1954 5101 regis
1964 5014 2129 5097 Poloniae,
2147 5017 2203 5100 qui
2220 5014 2302 5101 regis

322 5108 419 5184 atque
454 5099 517 5183 ipsi
545 5106 659 5164 oontm
688 5100 736 5164 fas
767 5108 799 5165 et
820 5102 871 5165 ius
891 5101 958 5166 sint
980 5100 1088 5165 eiecti:
1111 5120 1150 5164 aa
1170 5120 1206 5164 re
1229 5121 1287 5166 vos

321 5187 408 5254 iuste
429 5185 635 5264 commoveri,
656 5192 748 5250 utet
768 5185 832 5269 ipsi
854 5183 931 5269 quid
953 5183 995 5251 ab
1010 5184 1092 5269 ipsis
1114 5193 1223 5253 actum
1241 5187 1287 5253 sit
1438 5201 1469 5270 4)
1487 5202 1533 5257 De
1549 5217 1602 5274 quo
1618 5200 1749 5259 odanco
1766 5205 1806 5264 Ν.
1823 5201 1900 5259 2505.
