4688 5910
44 325 109 387 otu
900 326 981 389 155⁷
1000 323 1197 394 AUGUS'P.
1982 331 2047 397 078
2072 266 2077 276 ⁴

44 512 126 576 dum
158 510 221 576 sim
248 508 296 575 ita
322 510 533 577 confirmatus
561 518 600 575 ut
629 508 803 576 diuturnae
835 511 1020 595 scriptionis
1071 498 1229 579 desinunt
1259 512 1293 577 td
1314 512 1400 600 ῥητὸν
1432 534 1551 599 urgere
1572 521 1610 580 ut
1631 514 1716 598 quod
1751 516 1852 584 semel
1884 518 2044 586 tuendum

44 595 191 664 laborem
224 596 345 679 poesim
374 596 546 674 sustinere,
579 596 700 680 partim
730 595 814 680 quod
843 595 925 661 mihi
941 618 1019 747 qaor-
1071 606 1284 683 susceperunt
1320 599 1427 665 modis
1459 598 1611 665 omnibus
1653 599 1837 668 defendant.
1891 603 2043 671 Primum

43 682 222 756 suaserim,
248 701 308 747 vos
329 702 394 746 non
416 682 527 765 iniquo
547 681 656 746 animo
674 702 845 782 passuros,
875 690 915 747 ιιι
962 703 1019 748 um
1070 686 1159 749 enim
1180 684 1313 768 ponitur
1341 687 1513 752 continens
1543 692 1595 764 (nt
1621 688 1827 770 grammatici
1848 687 2043 774 loquuntur)

44 766 228 835 valetudini
256 788 348 832 meae
377 768 501 847 servio,
523 767 609 833 binis
630 766 759 850 quidem
782 766 839 834 sed
866 769 964 834 unius
986 776 1019 832 et
1070 790 1130 854 pro
1152 778 1315 850 contento,
1337 771 1491 854 poculum
1512 771 1665 838 videlieet
1697 793 1756 856 prc
1780 775 1869 852 vino,
1903 775 1989 858 quod
2007 777 2042 842 in

43 851 195 920 euisdem
227 854 412 937 argumenti
447 851 550 919 literis
583 854 681 918 unico
724 873 880 936 responso
924 856 1018 919 satis·
1114 856 1187 922 oulo
1210 860 1403 922 continetur.
1424 856 1555 922 Deinde
1571 856 1688 922 vinum
1711 857 1830 924 dieitur
1851 879 1922 925 esse
1932 861 2042 945 ipsum

43 940 172 1007 faciam.
223 937 263 1002 Id
294 957 355 1022 ego
385 959 465 1003 vero
497 939 653 1016 conabor,
687 959 783 1022 quam
815 940 1019 1023 paucissimis
1083 940 1191 1019 oedus,
1240 963 1318 1007 uum
1342 943 1385 1008 sit
1406 941 1568 1008 duntaxat
1588 943 1726 1010 foederis
1752 950 1811 1009 aut
1835 945 1906 1011 eius
1935 949 2043 1030 potius

44 1024 158 1091 verbis
191 1024 263 1089 fieri
290 1025 421 1107 poterit,
454 1026 628 1109 praestare.
673 1022 730 1090 Sic
762 1024 864 1108 igitur
898 1024 938 1089 de
965 1044 1019 1089 me
1071 1048 1134 1110 quo
1166 963 1279 1092 foedus
1309 1027 1469 1106 sancitur,
1503 1028 1659 1093 nimirum
1693 1049 1751 1094 san
1800 1030 1861 1096 'nis
1894 1030 2042 1112 Domini,

45 1110 176 1185 habete,
209 1119 319 1193 patres
351 1109 434 1174 mihi
471 1111 505 1173 in
543 1109 685 1175 Domino
721 1110 1018 1177 observandissimi.
1070 1112 1256 1197 symbolum
1278 1134 1316 1178 ac
1337 1120 1476 1179 tessera:
1505 1135 1585 1179 vera
1611 1114 1670 1179 illa
1698 1115 1752 1197 qui
1775 1136 1827 1180 em
1849 1137 1887 1182 ae
1906 1117 2042 1184 minime

45 1196 244 1279 Quicunque
266 1194 305 1261 de
327 1216 380 1259 me
401 1216 515 1260 rumor
535 1196 579 1261 sit
600 1195 1021 1279 sparsusabiisquimeam,
1071 1197 1187 1276 inanis,
1210 1198 1266 1263 sed
1289 1207 1400 1263 ιιιιιιοιι
1422 1200 1463 1263 ab
1485 1220 1523 1263 eo
1546 1199 1776 1284 distinguenda
1798 1202 1883 1283 quod
1904 1203 2042 1285 ipsares

44 1282 140 1348 illam
162 1290 196 1346 et
217 1282 257 1346 D.
281 1280 403 1347 Fcrelle‘
424 1281 658 1346 confessionem
681 1281 814 1346 sinistre
831 1282 1020 1347 suntinter·
1071 1291 1302 1367 repraesentat.
1333 1285 1407 1349 Non
1430 1292 1480 1349 est
1497 1285 1600 1368 igitur
1621 1284 1706 1368 quod
1724 1305 1742 1350 e
1759 1287 1849 1351 ocelo
1871 1286 2041 1354 Christum

44 1368 177 1452 pretati,
199 1387 368 1450 nunquam
392 1375 503 1432 tamen
524 1367 607 1431 mihi
629 1366 825 1449 persuadere
841 1367 942 1451 potui,
961 1389 1019 1433 vos
1071 1369 1249 1448 eliciamus,
1273 1369 1327 1435 vel
1349 1369 1474 1435 Ohristi
1492 1390 1608 1453 eorpus
1625 1371 2043 1440 immensumetinvisibile

45 1454 88 1520 de
109 1473 183 1518 mea
202 1451 267 1517 fide
288 1450 446 1518 dubitare.
491 1452 530 1518 si
552 1459 661 1518 tamma
684 1454 733 1517 ita
753 1463 812 1531 est,
834 1474 929 1536 spero
950 1453 1020 1518 fore
1071 1456 1363 1533 comminiscamur,
1396 1464 1434 1520 ut
1465 1456 1631 1538 propriam
1653 1456 1921 1540 significationem
1949 1458 2044 1525 verbi

44 1548 85 1605 ut
105 1541 172 1606 ista
193 1537 286 1603 vobis
307 1537 524 1616 sausfaoiant,
547 1559 630 1621 quae
652 1560 693 1603 ex
715 1539 837 1603 nostris
860 1540 892 1603 in
917 1539 957 1604 N.
981 1540 1017 1605 'll
1071 1539 1132 1604 Est
1153 1561 1392 1607 conservemus.
1437 1541 1499 1605 Est
1520 1550 1630 1606 autem
1652 1542 1734 1608 haec
1754 1546 1956 1628 metonymia
1976 1567 2042 1610 non

45 1624 311 1692 annotationibus
340 1644 447 1707 nuper
473 1624 568 1688 editis
597 1624 780 1689 exscribere
813 1645 880 1689 uon
912 1625 1020 1710 piguit
1071 1624 1167 1691 modo
1190 1627 1224 1690 in
1247 1649 1272 1692 s.
1294 1626 1398 1692 literis
1416 1626 1579 1709 frequens,
1602 1635 1641 1692 ut
1668 1634 1718 1692 eet
1738 1628 1780 1693 ab
1811 1628 2042 1696 eruditissimis

45 1721 87 1777 ut
107 1711 201 1775 vobis
223 1708 480 1794 adeundiipsius
502 1708 699 1791 exemplaris
711 1709 854 1776 laborem
867 1712 1018 1775 eximam.
1071 1711 1259 1777 hominibus
1271 1713 1367 1777 toties
1390 1711 1598 1789 inculcatum,
1621 1712 1678 1777 sed
1700 1713 1800 1778 etiam
1823 1715 1950 1798 abipso
1971 1716 2041 1783 Hc·

133 1795 374 1863 Mattheus.
410 1818 440 1860 v.
465 1798 515 1858 26.
567 1794 645 1870 Est,
677 1796 757 1864 ἐστί,
790 1796 1017 1881 metonymice,
1070 1818 1161 1861 mero
1183 1804 1349 1880 usurpata.
1373 1795 1429 1863 Sic
1440 1798 1527 1862 enim
1550 1797 1604 1862 ille
1622 1799 1676 1864 ubi
1691 1800 1892 1865 mentionem
1904 1801 2041 1868 foederis

44 1884 94 1948 ita
115 1890 225 1946 tamen
247 1889 285 1946 ut
306 1882 447 1946 sciemus
468 1900 535 1944 una
556 1901 632 1947 cum
654 1881 748 1964 siguo
771 1902 790 1946 a
812 1880 1018 1948 credentibus
1070 1881 1159 1948 inter
1171 1882 1315 1949 Graecos
1337 1890 1370 1947 et
1391 1883 1550 1949 Troianos
1571 1883 1683 1950 multis
1700 1886 1913 1951 caeremoniis
1925 1887 2041 1954 sanciti

45 1989 125 2033 vere
146 1968 271 2051 percipi
293 1966 455 2049 spirituali
477 1964 572 2031 modo
599 1966 633 2030 id
656 1966 741 2049 quod
765 1974 900 2032 externo
928 1989 1018 2052 sym·
1070 1966 1154 2032 libro
1175 1967 1297 2034 Iliados
1319 1972 1385 2049 μθ)

44 2055 120 2120 bolo
142 2061 415 2136 repraesentatur,
446 2062 548 2117 totum
571 2050 639 2117 scil.
663 2051 830 2117 (lhristum
853 2072 928 2119 cum
950 2053 1018 2119 suis
1194 2099 1201 2121 ι
1335 2100 1341 2124 .
1374 2104 1382 2125 ‚
1411 2104 1418 2127 .
1447 2103 1462 2126 ,
1591 2113 1605 2126 .
1748 2101 1765 2125 ,ι
1940 2109 1949 2126 .

44 2139 149 2206 donis.
181 2139 295 2221 Neque
313 2148 423 2202 tamen
441 2137 495 2202 vel
516 2137 846 2214 transsubstantiatio,
869 2138 922 2203 vel
933 2138 1018 2204 loca·
1148 2103 1333 2212 ,Elimia
1362 2128 1421 2168 Μ
1441 2128 1515 2169 ‘²⁰¹¹'
1537 2111 1621 2170 'm'
1638 2114 1726 2190 φέρον
1748 2129 1835 2191 ΨΜ
1856 2130 1959 2186 '‘⁸⁶²⁰“

45 2225 88 2291 lis
110 2245 207 2308 quam
230 2233 348 2290 vocant
370 2224 553 2288 coniunctio
575 2222 627 2287 vel
651 2223 829 2289 transfusio
851 2233 907 2289 eut
930 2245 1017 2290 com·
1156 2194 1234 2273 ‘¹⁰⁹‘
1252 2189 1316 2255 Μ
1339 2196 1390 2255 ⁸⁰⁶³
1411 2189 1489 2254 dm
1509 2189 1641 2276 alm·
1671 2200 1731 2258 ⁰¹³⁰·

44 2311 155 2378 mietio
177 2308 350 2394 cogitanda
371 2307 427 2374 sed
450 2309 537 2393 signi
559 2316 593 2372 et
613 2310 660 2373 rei
683 2310 866 2375 coniunctio
888 2310 1018 2394 symbc-
1069 2309 1110 2375 In
1133 2311 1252 2393 quibus
1284 2310 1455 2377 versiculis
1488 2331 1584 2376 nemo
1617 2331 1682 2378 non
1705 2310 1797 2376 videt
1819 2311 1930 2388 (liceat
1951 2314 2040 2378 enim

44 2397 109 2463 lica
130 2405 164 2460 et
190 2394 451 2461 sacramentalis:
488 2415 588 2477 quum
623 2393 680 2459 illa
709 2415 813 2478 neque
842 2396 1018 2461 consistere
1069 2396 1163 2461 nobis
1184 2397 1320 2479 profana
1343 2398 1529 2462 comeaeris
1546 2397 1704 2462 hactenus
1717 2403 1925 2479 componere)
1946 2399 2041 2482 agnis

45 2484 173 2568 possint
202 2503 275 2546 cum
303 2481 444 2545 veritate
466 2480 681 2545 humanitatis
703 2479 828 2545 Ohristi
850 2501 955 2563 neque
978 2481 1019 2545 ed
1071 2491 1104 2546 et
1136 2483 1232 2559 vinc,
1266 2503 1349 2564 quae
1381 2481 1522 2546 foederis
1555 2481 1716 2546 duntaxat
1748 2483 1897 2567 symbola
1935 2493 2040 2564 erant,

46 2569 186 2635 salutem
219 2568 286 2631 sint
316 2566 508 2631 necessaria.
559 2566 673 2648 Neque
705 2567 792 2629 enim
825 2577 862 2631 ut
895 2565 1017 2631 (lhristi
1071 2566 1170 2632 tribui
1192 2567 1297 2650 ipsam
1318 2566 1459 2632 foederis
1483 2567 1751 2649 appellationem:
1785 2568 1882 2632 simili
1906 2589 2041 2652 prorsus

44 2655 219 2740 participes
239 2655 366 2728 fiamus,
390 2672 463 2717 cum
486 2658 615 2734 oportet
633 2652 752 2716 ecoelo
770 2649 939 2731 deducere,
962 2653 1019 2716 sed
1071 2651 1197 2717 dicendi
1221 2657 1350 2734 genere,
1368 2673 1431 2735 quc
1453 2653 1508 2718 hio
1531 2673 1609 2719 usus
1631 2653 1900 2736 Lucaspoculum
1910 2657 2041 2721 vocavit

45 2741 154 2826 potius
198 2739 333 2822 spiritus
366 2739 469 2802 sancti
502 2738 623 2803 virtute
658 2746 691 2801 et
723 2736 787 2801 lide
825 2738 858 2802 in
893 2738 1018 2803 coelum
1069 2737 1199 2802 Novum
1223 2738 1478 2802 Testamentum.
1487 2742 1515 2816 ⁴)

47 2824 224 2892 ascendere
250 2833 283 2888 et
308 2822 376 2889 illic
398 2843 472 2889 eum
495 2823 673 2906 complecti,
697 2830 735 2887 uc
756 2843 830 2887 cum
852 2844 890 2889 eo
912 2824 1018 2888 consi·
1155 2821 1241 2887 Item
1266 2822 1506 2906 hetor.cap.1.
1530 2845 1561 2888 v.
1590 2829 1622 2886 ll
1659 2824 1694 2887 in
1722 2823 1804 2888 haec
1825 2825 1939 2889 verba:
1977 2828 2041 2902 „uo

47 2911 183 2976 deamns
215 2911 247 2974 in
279 2908 480 2974 coelestibus.
526 2909 566 2973 In
596 2927 739 2988 summa,
761 2928 838 2973 vere
861 2930 919 2973 nos
940 2928 1024 2974 con·
1069 2909 1195 2974 cmist.“
1241 2908 1281 2972 In
1309 2908 1414 2974 tribus
1435 2909 1577 2974 vetustis
1605 2907 1768 2975 codicibus
1790 2911 1948 2992 scriptum
1970 2920 2041 2977 erat

46 2998 141 3082 iungi
164 3005 198 3061 et
221 3015 323 3061 unum
346 2995 418 3059 fieri
436 3015 511 3059 cum
530 3004 597 3058 toto
614 2993 748 3059 Obrieto
759 2993 1019 3060 Deoethomiue
1070 2983 1152 3067 οὗτος
1176 3014 1236 3077 per
1257 2994 1484 3076 epanalepsin,
1512 3014 1594 3077 quae
1617 2993 1745 3076 quidem
1767 2994 1864 3060 lectio
1885 3015 2040 3081 magnam

47 3104 180 3150 neeesse
214 3092 265 3146 est
296 3090 334 3143 ιιι
366 3079 580 3145 salvisimns:
606 3080 692 3162 quod
724 3100 790 3144 non
824 3080 888 3145 alio
921 3100 1018 3163 quam
1071 3078 1169 3145 habet
1191 3078 1362 3163 emphasin
1384 3087 1418 3143 et
1439 3100 1569 3143 omnem
1587 3077 1763 3146 cavillandi
1780 3083 1980 3146 occasionem
2003 3084 2044 3147 iis

46 3168 214 3253 spirituali
230 3166 326 3231 modo
344 3167 391 3242 fit,
414 3164 601 3249 perfidem,
624 3185 706 3249 quae
728 3166 857 3248 quidem
880 3165 961 3231 fides
983 3168 1018 3230 in
1071 3164 1238 3248 praecidit,
1266 3166 1334 3247 qui,
1363 3173 1402 3229 nt
1428 3165 1479 3229 eui
1499 3164 1589 3229 illius
1611 3164 1700 3229 Iovis
1723 3164 1820 3229 Elicii
1842 3167 2042 3249 corporalem

45 3256 142 3321 nobis
164 3262 295 3317 creatur
316 3262 349 3316 et
371 3253 583 3318 confirmatur
609 3272 669 3334 per
697 3252 848 3334 spiritum
870 3259 1019 3317 sanctum
1071 3251 1290 3334 praesentiam
1310 3251 1468 3315 adversus
1491 3259 1640 3333 apertum
1663 3250 1927 3335 hocangelorum
1952 3255 2042 3319 testi-

46 3341 144 3423 idqne
167 3338 408 3422 praedieatione
439 3337 531 3401 verbi
560 3335 643 3415 Dei,
677 3344 710 3401 et
742 3336 903 3403 adiunctis
926 3358 1019 3420 prae·
1071 3337 1219 3400 monium
1252 3342 1422 3414 tueantur,
1445 3335 1583 3401 haerent
1615 3335 1650 3400 in
1672 3337 1737 3401 ista
1757 3337 1919 3420 particula
1940 3337 2042 3412 οὕτως.

49 3424 205 3491 heutoni
227 3423 385 3509 symbolis
408 3422 524 3506 quibus
546 3443 659 3487 omues
681 3423 911 3488 nostrisensus
932 3423 1019 3488 erci—
1072 3421 1227 3502 Quotidie
1252 3422 1350 3498 enim,
1388 3422 1490 3498 aiunt,
1523 3421 1588 3485 imo
1609 3441 1689 3487 vero
1711 3422 1849 3506 singulis
1868 3425 2042 3490 momentis

47 3519 165 3577 tantur
186 3520 219 3574 et
240 3509 472 3593 percelluntur,
495 3516 532 3572 ut
566 3509 826 3573 veremittamur
846 3510 879 3573 in
893 3509 1019 3575 (lhristi
1073 3506 1258 3586 deseendit,
1293 3505 1350 3571 sed
1379 3506 1475 3571 aliter
1509 3527 1607 3589 quam
1641 3506 1801 3584 ascendit,
1834 3509 2043 3574 invisibiliter

45 3599 150 3682 ipsius
171 3593 456 3679 possessionem.²)
491 3610 494 3615 ’
1072 3593 1141 3659 scil.
1179 3597 1229 3655 sol
1261 3591 1497 3676 ἀπεριγρᾰπτως.
1543 3592 1724 3675 Egregium
1758 3600 1846 3659 certe
1867 3595 2040 3660 cavillum!

134 3682 257 3747 lbidem
280 3703 363 3746 vers.
388 3685 427 3745 28
450 3680 484 3743 in
507 3680 587 3744 haec
609 3680 725 3744 verba:
749 3679 1020 3765 ‚doceaturque
1072 3679 1118 3743 At
1139 3676 1437 3761 nospotiusfidein
1450 3677 1576 3742 coelum
1588 3677 1811 3756 ascendamus,
1825 3688 1862 3742 ut
1872 3678 2041 3745 Christum

44 3777 162 3836 metas.“
208 3767 353 3852 Vulgata
375 3776 410 3830 et
430 3767 605 3830 Erasmus:
629 3765 683 3831 hic
705 3776 755 3829 eet
771 3767 905 3850 sanguis
916 3788 1018 3846 meus,
1071 3764 1139 3828 illic
1175 3784 1210 3828 re
1243 3784 1322 3828 vera
1343 3763 1588 3847 amplectamur,
1619 3783 1716 3845 quam
1743 3773 1782 3827 ιιι
1801 3763 1893 3827 illum
1918 3765 2042 3830 ecoelo

45 3855 226 3921 relerentes
243 3853 311 3919 scil.
335 3871 515 3935 pronomen
536 3853 620 3915 τοῦτο
640 3850 681 3915 ad
702 3846 788 3930 αἷμα,
806 3851 839 3915 id
862 3859 920 3931 est,
943 3872 1018 3917 san·
1071 3857 1149 3915 ante
1171 3869 1334 3914 summum
1357 3848 1448 3912 illum
1471 3848 1556 3912 diem
1580 3847 1777 3914 deducamus
1788 3851 1864 3913 etin
1877 3851 2041 3916 terrestri·

45 3941 191 4025 guinem.
236 3939 338 4022 Atqui
370 3944 560 4003 constater
587 3938 793 4003 Lue.22.v.
818 3938 1018 4002 20referen-
1070 3936 1131 4001 bus
1154 3934 1324 4000 elementis
1345 3934 1547 3998 haereamus.
1560 3937 1586 4010 ὅ)

46 4026 125 4091 dum
144 4045 214 4091 esse
237 4024 278 4090 ad
310 4022 461 4109 πσεῆριον,
493 4023 607 4099 idest,
631 4023 781 4107 poculum
801 4025 1018 4108 metonymice
1157 4021 1242 4084 ltem
1276 4020 1386 4085 Actor.
1409 4019 1470 4083 ΠΙ.
1489 4042 1520 4085 v.
1544 4022 1581 4081 21
1618 4020 1652 4084 in
1691 4019 1771 4084 haec
1792 4018 1909 4084 verba:
1945 4022 2041 4094 ,coelo

46 4120 159 4177 tamen
181 4112 228 4175 ita
251 4122 286 4174 ιιι
308 4112 478 4175 continens
499 4131 557 4191 prc
576 4109 927 4192 eontentoeccipiatur,
945 4109 1018 4174 vul-
1070 4107 1172 4186 copi,“
1196 4105 1230 4170 id
1253 4113 1303 4170 est
1324 4105 1493 4169 contineri.
1524 4105 1618 4181 Nam,
1641 4114 1680 4168 ιιι
1701 4104 2042 4188 alibidiximus,apud

46 4205 124 4282 gata
146 4210 178 4261 et
196 4197 273 4260 trite
295 4195 446 4260 omnibus
468 4195 592 4278 linguis
603 4194 837 4260 consuetudine
854 4194 1016 4277 loquendi.
1070 4191 1240 4256 Hebraeos
1262 4211 1326 4255 uno
1354 4189 1455 4255 verbo
1484 4190 1590 4272 posito
1619 4210 1716 4271 saepe
1741 4190 1935 4274 intelligitur
1962 4212 2043 4257 eon·

46 4283 247 4348 Clamabunt
274 4290 383 4346 autem
417 4285 481 4360 (sat
510 4281 592 4360 ecio)
624 4280 791 4355 nonnulli,
825 4281 1016 4366 sacrilegam
1070 4298 1219 4360 sequens,
1248 4285 1285 4341 ut
1311 4296 1411 4360 quum
1439 4279 1575 4353 ἐξελθεῖν
1604 4296 1663 4358 pro
1685 4276 1809 4340 Venire
1835 4277 1984 4358 ponitur,
2007 4288 2041 4342 et

46 4389 117 4435 csse
145 4389 251 4432 meam
286 4366 464 4432 audaciam.
520 4365 586 4431 Sed
616 4366 757 4431 clament
790 4376 885 4450 atque
918 4369 1015 4432 etiam
1070 4364 1190 4428 similia
1212 4362 1317 4427 multa
1337 4382 1419 4443 quae
1436 4381 1497 4425 nce
1510 4361 1577 4426 suis
1590 4361 1667 4426 loeis
1679 4362 1918 4426 annotavimus.
1942 4361 2038 4442 Quod

45 4462 191 4538 crepent,
214 4455 243 4517 si
265 4453 359 4517 libet:
383 4453 428 4516 ita
449 4453 592 4534 loquitur
609 4453 719 4518 Lucas
740 4452 920 4536 utambigi
950 4472 1014 4518 non
1069 4456 1178 4514 autem
1201 4449 1368 4531 passivum
1392 4444 1764 4529 dicendigenuepotius,
1787 4467 1885 4529 qnam
1896 4450 2037 4513 accrum

44 4541 159 4624 possit,
182 4541 259 4622 quin
284 4539 436 4604 Christus
457 4538 608 4620 poculum
627 4537 789 4613 iudicarit,
812 4559 910 4620 quum
935 4539 1016 4604 haec
1068 4534 1474 4617 usurpaverimus,faotum
1484 4531 2039 4614 estanobisutamphibolisomnis

47 4625 179 4704 diceret,
211 4634 250 4689 ιιι
273 4624 377 4688 velint
408 4623 515 4688 nolint
548 4635 706 4707 cogantur
735 4633 864 4706 tropum
899 4645 1014 4709 agnos·
1070 4621 1237 4684 vitaretur.
1282 4619 1366 4683 Nam
1389 4619 1670 4703 operaepretium
1692 4625 1741 4682 est
1762 4618 1796 4681 in
1819 4617 1955 4682 eeclesia
1974 4619 2037 4684 Dei

44 4731 119 4777 cere
141 4711 175 4775 in
197 4710 388 4795 pronomine
411 4709 677 4774 demonstrativo.
1068 4712 1197 4771 exstare
1218 4705 1427 4788 perspicuum
1449 4703 1511 4768 hoc
1532 4703 1756 4769 testimonium
1777 4701 1934 4768 adversm
1958 4705 2037 4770 istos

132 4798 217 4862 Item
240 4797 321 4862 Luc.
345 4799 395 4860 22.
418 4817 449 4859 v.
473 4798 514 4857 20
533 4795 568 4858 in
591 4794 671 4860 haec
693 4795 810 4858 verba:
838 4793 909 4863 ,hcc
921 4815 1016 4875 pocu-
1067 4791 1122 4873 qui
1135 4811 1193 4873 pro
1205 4811 1253 4869 eo,
1275 4789 1361 4873 quod
1372 4789 1436 4854 tide
1458 4787 1700 4855 ascendendum
1711 4795 1761 4853 est
1770 4788 2037 4867 nobieinccelos,

43 4885 142 4950 auur
187 4883 321 4965 Duplex
351 4891 400 4947 est
428 4880 491 4946 hoc
513 4881 582 4944 loco
604 4880 814 4965 metonymia,
838 4899 934 4960 quam
958 4900 1014 4962 ag-

43 4988 181 5036 noscere
204 4978 365 5053 cognntur
387 4968 484 5031 etiam
514 4965 538 5028 ii
561 4966 616 5046 qui
645 4967 678 5029 in
702 4966 764 5031 hec
786 4962 927 5028 formula
948 4985 1014 5029 non
1171 5028 1235 5090 ΒΜ
1262 5026 1314 5081 245
1333 5042 1384 5097 seq.
1412 5055 1445 5065 -
1470 5027 1555 5096 ΑΜ
1576 5027 1725 5083 Bmm
1743 5028 1858 5096 ΜΨ..
1884 5029 2025 5085 ΜΗ

1068 5104 1093 5152 at
1110 5098 1201 5152 Beroe
1219 5113 1298 5152 error
1314 5098 1448 5150 immarus
1465 5097 1604 5152 ulbadus.

1170 5165 1198 5226 4)
1217 5166 1263 5232 fol.
1283 5166 1332 5218 102
1349 5180 1374 5217 c.

149 5242 180 5303 2)
197 5241 299 5308 focae
317 5258 341 5296 o.
1170 5233 1199 5300 b)
1215 5233 1263 5299 fot
1284 5232 1333 5286 135
1350 5249 1374 5287 e.

151 5326 262 5383 odoini
274 5341 366 5396 opera.
408 5326 464 5381 Vct
483 5324 564 5380 XVI.
1802 5321 1835 5376 37
