4688 5910
278 346 337 409 691
1025 340 1286 410 ΕΡΙΒΤΟῙιΑΕ
1308 341 1519 405 2696-2695
1897 390 1902 398 .
2209 341 2267 402 692

279 529 405 596 debere.
440 529 516 595 Non
527 538 699 595 contentus
719 529 818 595 Vireti
835 529 939 596 nostri
956 530 1119 596 sententia
1136 527 1248 596 videre
1298 526 1409 609 audio)
1432 548 1452 593 a
1473 527 1694 594 conterraneis
1716 527 1783 592 suis
1805 525 2019 610 dissipantur,
2048 534 2082 592 et
2103 525 2137 592 id
2159 527 2269 592 favore

278 615 370 682 volui
391 614 518 698 quidet
541 613 692 682 Calvinae
712 616 855 681 sentiret.
897 614 977 680 Vidi
1005 614 1117 680 literas
1128 613 1153 699 ¹)
1176 614 1247 698 qui·
1298 634 1409 679 aarum
1432 613 1488 696 qui
1509 612 1671 681 cumillis
1693 612 1826 691 faciunt,
1849 612 1993 679 utliber
2014 612 2071 678 ille
2092 613 2270 698 inscriptus

279 701 340 767 bus
356 722 419 765 non
439 709 574 785 gravate
597 699 757 766 condonat
774 700 859 784 quod
877 700 938 767 sibi
960 722 1028 765 uon
1048 702 1139 766 fuere
1161 719 1248 766 com·
1299 699 1478 783 Thealcgia
1499 700 1686 783 germanica
1708 699 1863 773 obtineat,
1885 698 1922 764 in
1944 720 2042 782 quam
2057 719 2171 764 omncs
2192 699 2270 764 ferri

278 788 444 852 manicata
470 807 534 852 uon
567 785 663 853 aliter
689 807 786 870 quam
819 787 900 865 aliis,
934 785 991 850 sed
1022 806 1057 850 se
1089 787 1123 850 in
1156 784 1248 851 nullo
1298 783 1469 863 deberent,
1495 794 1538 856 ,ut
1565 805 1647 868 opus
1676 806 1752 851 oum
1774 792 1887 850 autore
1909 794 1943 849 et
1964 785 2078 867 ecqui
2100 786 2269 850 excussit*

278 870 399 937 offendi
427 881 567 937 testatur
594 871 742 955 nihilque
771 871 891 936 habere
918 871 1005 955 quod
1036 893 1152 937 sanum
1181 892 1248 935 nou
1299 879 1334 934 et
1354 869 1510 935 eiusmodi
1543 870 1679 936 scelesta
1701 891 1834 953 prorsus
1863 869 2064 935 tollerentur.
2108 868 2269 935 Dominus

278 958 330 1023 sit.
363 955 460 1038 Quod
481 968 552 1021 tum
573 977 662 1035 vero,
692 958 720 1023 si
741 978 898 1041 arrogans
924 957 980 1022 ille
1005 956 1164 1035 Pellaeas,
1193 957 1248 1039 qui
1299 956 1393 1021 lesus
1425 976 1560 1020 manum
1593 954 1774 1021 admoveat.
1819 956 1891 1040 Ego
1919 964 1952 1022 te
1981 976 2069 1040 rogo,
2092 978 2191 1039 quam
2215 977 2268 1040 op

278 1042 366 1108 solus
387 1043 495 1126 perire
516 1064 583 1107 nau
600 1043 687 1123 vult,
715 1042 772 1108 sed
799 1042 967 1108 ecclesiam
989 1041 1135 1108 funditus
1157 1062 1249 1106 ever·
1299 1043 1379 1106 time
1413 1040 1602 1124 Balliapere,
1625 1050 1663 1105 ιιι
1696 1041 1782 1124 apud
1810 1050 1843 1105 te
1865 1049 1991 1106 statuas
2016 1063 2069 1107 me
2090 1040 2155 1107 hoc
2176 1042 2269 1108 unica

279 1136 350 1193 tere
371 1140 508 1194 conatur
529 1150 587 1211 pro
610 1150 675 1211 qua
696 1129 779 1193 mori
808 1128 955 1208 deberet,
984 1148 1145 1211 quaerens
1173 1126 1248 1191 lites
1300 1137 1453 1210 expetere
1487 1136 1524 1191 ut
1552 1127 1614 1210 piis
1636 1147 1733 1210 quam
1761 1127 2045 1192 coniunctissimus
2078 1129 2150 1204 sim,
2185 1127 2268 1192 idem

279 1236 316 1280 ac
344 1212 479 1278 dissidia
508 1234 615 1278 serere
640 1235 706 1278 una
738 1235 812 1279 oum
844 1214 928 1293 suis,
961 1214 1017 1297 qui
1049 1236 1113 1278 nou
1148 1212 1249 1278 semel
1299 1213 1439 1278 sentiam
1461 1221 1494 1278 et
1516 1212 1622 1279 dicam
1645 1212 1730 1296 quod
1753 1214 1822 1278 veri
1845 1213 1931 1276 servi
1953 1211 2087 1291 Christi,
2111 1221 2268 1278 uttenon

279 1306 504 1383 apostatarunt
524 1320 544 1363 a
561 1298 693 1365 Christo
711 1308 743 1363 et
761 1298 939 1384 evangelio,
961 1321 1026 1364 non
1048 1297 1248 1382 probent?²)
1299 1297 1468 1382 vulgarem
1491 1318 1640 1382 agnosco.
1667 1297 1706 1363 Si
1728 1318 1842 1362 omues
1863 1298 2000 1363 observo
2021 1298 2176 1364 ecclesias
2194 1320 2269 1364 sane

279 1383 367 1467 Quid
396 1384 483 1449 euim
516 1385 693 1468 probarent
724 1394 790 1448 tam
824 1384 983 1467 improbi?
1025 1383 1114 1449 Sane
1147 1383 1249 1447 miror
1300 1384 1364 1448 ista
1392 1404 1457 1448 nou
1480 1395 1529 1448 est
1550 1393 1724 1467 postrema,
1757 1392 1789 1448 et
1818 1392 1851 1448 te
1878 1405 1944 1448 non
1973 1385 2058 1468 fugit
2080 1405 2180 1466 quam
2202 1391 2268 1449 stu·

278 1469 477 1554 quodquam
500 1470 624 1554 scripta
645 1469 1027 1535 nihilhabcaut‘veritati
1049 1470 1248 1535 contrarium
1300 1469 1426 1534 duerim
1449 1478 1487 1534 ιιι
1506 1471 1563 1535 isti
1595 1470 1745 1535 cumbis
1774 1469 1971 1549 conveniret,
2004 1470 2120 1554 egique
2148 1471 2268 1554 gratias

277 1555 363 1640 quod
386 1555 496 1620 dolere
519 1555 633 1621 debeat
655 1557 756 1635 banis,
779 1555 884 1638 siqui
906 1557 998 1638 prius
1020 1575 1136 1639 parum
1155 1556 1248 1621 nobis
1299 1554 1443 1619 Domino
1465 1564 1498 1619 et
1520 1576 1590 1640 aga,
1614 1555 1699 1638 quod
1723 1577 1761 1621 eo
1782 1568 1920 1619 ventum
1943 1555 2043 1619 fuerit
2065 1564 2102 1618 ut
2124 1554 2192 1620 Deo
2214 1577 2268 1620 an·

278 1643 373 1724 aequi
397 1640 592 1706 videbantur
620 1663 659 1706 ea
680 1640 831 1724 probent,
861 1663 939 1705 sane
967 1641 1041 1726 plus
1071 1650 1142 1706 erat
1162 1640 1248 1706 unde
1300 1641 1382 1725 gelis
1404 1649 1438 1705 et
1459 1639 1647 1707 hominibus
1676 1640 1719 1704 sit
1747 1650 1864 1705 testata
1887 1648 1998 1705 nostra
2019 1640 2075 1725 pia
2104 1650 2138 1705 ot
2160 1650 2270 1707 sancta

276 1726 393 1792 laetari
414 1725 569 1791 deberent
589 1724 681 1809 probi
703 1746 825 1792 omues.
861 1727 966 1800 Nosti,
987 1728 1033 1790 mi
1056 1726 1247 1809 Balliaqerc,
1300 1726 1477 1807 consensio,
1510 1746 1608 1809 quam
1641 1727 1726 1791 tueri
1757 1735 1790 1790 et
1823 1747 1953 1791 servare
1981 1727 2016 1790 in
2046 1728 2148 1791 finam
2171 1748 2270 1809 usque

276 1833 448 1897 perperam
470 1812 511 1877 ab
533 1811 729 1877 adversariis
752 1812 843 1876 nobis
864 1813 1023 1878 tributum
1046 1813 1145 1877 fuisse
1163 1810 1248 1894 quod
1300 1811 1431 1895 propria
1465 1813 1626 1897 sanguiue
1655 1832 1722 1876 nou
1752 1809 1943 1888 dubitarim,
1966 1811 2106 1878 athana
2127 1813 2269 1877 animam

278 1906 408 1963 tantum
440 1898 669 1982 imaginarium
691 1896 862 1963 Christum
895 1897 965 1963 sola
997 1898 1182 1981 opinatione
1214 1898 1248 1960 iu
1299 1898 1395 1980 louge
1413 1897 1526 1962 malim
1549 1919 1569 1962 a
1591 1917 1643 1961 me
1666 1896 1762 1962 avelli
1785 1917 1883 1980 quam
1906 1896 2050 1962 alienum
2068 1918 2139 1964 esse
2163 1919 2183 1963 a
2204 1907 2268 1962 tam

278 2004 379 2050 coena
401 1982 608 2062 haberemus,
638 2004 796 2066 esumqua
823 1983 932 2047 carnis
954 1983 1082 2049 Christi
1110 1991 1144 2047 et
1174 2003 1248 2048 san·
1300 2004 1391 2049 sacro
1414 1992 1524 2048 vestra
1546 1991 1649 2048 coetu.
1684 1981 1796 2065 Quare
1819 1982 1946 2066 siquid
1969 1991 2019 2048 cst
2040 2004 2060 2047 a
2081 2004 2134 2048 me
2148 1983 2269 2049 factum

279 2069 390 2154 guinis
407 2078 521 2152 potum
539 2089 606 2133 non
625 2090 739 2133 verum
761 2067 819 2134 sed
841 2077 970 2134 tantum
989 2069 1247 2135 commentitium
1299 2079 1357 2133 aut
1388 2067 1511 2141 dictum
1544 2067 1629 2151 qnod
1661 2076 1729 2133 tam
1759 2079 1890 2133 sanctae
1912 2090 1978 2132 non
2000 2069 2178 2134 conveniat
2198 2091 2269 2135 con·

278 2153 491 2232 traderemus,
514 2162 750 2238 quumccntra
767 2155 936 2220 verissime
954 2154 1035 2219 fides
1051 2175 1091 2219 ea
1108 2154 1251 2236 excipiat
1300 2155 1452 2233 sensioni,
1486 2154 1575 2218 uude
1608 2153 1661 2218 vel
1688 2153 1855 2218 tantillum
1877 2155 1974 2219 istam
1998 2153 2151 2219 laeserim
2175 2155 2267 2221 eccle

278 2260 346 2304 non
368 2240 502 2324 physice
531 2249 564 2304 et
584 2239 751 2305 mundano
778 2260 867 2304 more
897 2240 953 2305 sed
982 2260 1058 2317 vere
1087 2238 1248 2325 spirituali
1300 2239 1392 2318 siam,
1415 2239 1500 2321 quod
1523 2253 1689 2322 nunquam
1713 2240 1794 2303 mihi
1816 2242 1851 2304 in
1874 2251 2016 2305 mantem
2039 2240 2147 2318 venit,
2166 2241 2269 2307 indica

278 2335 312 2390 et
333 2326 462 2391 coelesti
485 2325 589 2390 modo.
637 2325 734 2390 Hanc
764 2345 874 2389 veram
902 2327 1130 2408 praesentiam,
1160 2326 1248 2391 hunc
1299 2335 1443 2404 tautum,
1484 2345 1545 2409 ego
1578 2346 1654 2390 mox
1687 2345 1872 2404 accurram,
1907 2326 2037 2391 veniam
2070 2339 2268 2408 precaturus,

278 2432 394 2476 verum
416 2432 507 2475 esum
532 2430 634 2493 quum
656 2410 758 2474 simus
781 2411 933 2492 professi,
963 2421 995 2473 et
1017 2409 1102 2494 quod
1129 2411 1248 2476 totiens
1299 2410 1427 2492 culpam
1450 2431 1634 2495 agnoscam,
1657 2432 1723 2475 non
1745 2411 1856 2476 verbis
1877 2418 2016 2490 tantum,
2040 2414 2268 2477 verumetiam

278 2496 476 2562 inculcatum
500 2504 567 2560 tam
589 2495 701 2561 multis
729 2496 859 2578 scriptis
886 2516 953 2560 nou
981 2496 1167 2562 iudicarunt
1187 2516 1247 2561 nos
1299 2496 1439 2579 scriptis.
1485 2496 1577 2561 Nihil
1600 2497 1685 2560 tueri
1707 2496 1783 2561 volo
1805 2497 1870 2560 nisi
1892 2497 1976 2579 quod
2000 2505 2127 2561 rectum
2151 2509 2216 2575 est,
2238 2507 2268 2560 et

278 2591 405 2660 tenere,
436 2600 523 2646 nuno
555 2579 693 2645 tandem
720 2581 858 2646 creduut
890 2591 924 2645 et
955 2582 1123 2665 aequiores
1155 2581 1247 2646 uobis
1299 2591 1336 2647 ut
1357 2583 1473 2646 merito
1495 2603 1635 2666 agnosca
1657 2592 1825 2664 peccatum
1847 2582 1946 2647 luisse
1968 2582 2053 2663 quod
2064 2583 2141 2646 istic
2152 2585 2268 2666 scripta

278 2676 369 2745 sunt,
400 2688 460 2732 neo
482 2666 663 2732 detrectant
689 2687 748 2731 nos
770 2665 882 2731 audire
904 2676 937 2732 et
959 2668 1126 2734 nobiscum
1150 2667 1246 2732 callo·
1299 2689 1366 2733 non
1387 2669 1709 2744 communicavimus,
1732 2670 1778 2732 ita
1799 2669 1824 2732 si
1848 2668 1925 2750 quid
1938 2666 2025 2732 aliud
2038 2669 2267 2752 sitpeccatum,

279 2753 343 2836 qui.
385 2750 474 2816 Saue
490 2753 522 2817 'si
545 2751 752 2817 ecclesiarum
776 2773 889 2835 pacem
911 2772 1059 2818 amamus
1082 2763 1115 2818 et
1136 2752 1247 2818 aedifi·
1298 2753 1353 2818 hic
1387 2773 1505 2837 quaeso
1538 2773 1643 2836 neque
1676 2755 1793 2818 aetatis
1828 2774 1932 2837 neque
1959 2754 2055 2818 officii
2090 2776 2195 2837 neque
2223 2754 2267 2820 rei

278 2838 454 2912 nationem,
484 2836 637 2902 debemus
660 2839 730 2902 Deo
759 2839 883 2921 gratim
905 2860 1002 2921 agere
1024 2848 1058 2902 et
1078 2860 1138 2922 pro
1160 2838 1246 2904 virili
1299 2839 1436 2906 alicuius
1459 2840 1542 2904 ratio
1563 2839 1734 2915 habeatur,
1758 2838 1813 2904 sod
1837 2846 1966 2903 tantum
1978 2840 2129 2904 veritatis
2143 2841 2267 2923 pictatis

278 2922 475 2988 studerent
503 2925 575 2988 istis
603 2923 706 2988 initiis
734 2943 928 3007 progressus
955 2924 996 2988 ad
1024 2925 1158 2989 meliora
1179 2925 1246 2989 fiat.
1300 2934 1333 2990 et
1355 2923 1596 2990 aedificationis.
1642 2924 1682 2988 In
1706 2924 1816 3007 aliquo
1839 2923 1948 2989 libello
1971 2924 2097 3009 gallico,
2120 2927 2176 3008 qui
2200 2947 2267 2990 mec

278 3010 324 3073 Et
346 3008 433 3092 quod
455 3008 496 3074 ad
514 3030 567 3074 me
588 3010 712 3087 attinet,
736 3011 763 3074 si
786 3009 991 3074 moriendum
1012 3010 1131 3075 millies
1152 3017 1247 3086 esset,
1299 3031 1473 3093 suppresso
1502 3010 1636 3075 nomine
1659 3009 1766 3074 editus
1795 3010 1902 3074 iuerat
1911 3014 1938 3085 ⁴)
1968 3032 2009 3074 ne
2031 3012 2106 3093 quis
2129 3013 2266 3076 offensus

278 3093 332 3160 hio
354 3094 473 3158 nollem
496 3114 632 3170 cessare,
654 3094 711 3160 sed
729 3095 832 3160 modis
850 3095 1001 3160 omnibus
1022 3096 1145 3162 instare
1163 3095 1247 3178 quod
1299 3097 1430 3160 nomine
1454 3105 1505 3165 (ιιι
1525 3105 1603 3161 tuuc
1621 3095 1717 3160 valde
1746 3115 1879 3159 exosum
1903 3102 1987 3171 erat)
2011 3118 2030 3160 a
2051 3095 2190 3161 lectione
2211 3098 2267 3161 im·

279 3201 344 3245 nou
368 3179 495 3257 dubito,
529 3189 561 3244 te
587 3201 652 3244 non
674 3181 800 3259 miuus,
834 3183 862 3245 si
889 3201 956 3245 non
978 3182 1099 3264 magis,
1133 3202 1249 3248 curare
1299 3181 1476 3265 pediretur,
1510 3182 1586 3264 quia
1615 3179 1747 3245 tandem
1781 3180 1921 3263 improbi
1961 3181 2025 3245 alio
2055 3181 2268 3248 deflectebant

279 3265 379 3348 (quod
402 3265 485 3330 faxit
506 3264 681 3343 Christus),
703 3274 740 3331 ut
760 3266 893 3331 tandem
915 3266 1100 3331 absolutum
1121 3279 1154 3331 et
1175 3289 1249 3351 per·
1300 3269 1421 3350 scripta
1442 3288 1540 3349 quam
1561 3288 1621 3351 ego
1643 3265 1873 3349 intelligerem,
1896 3288 1993 3349 quam
2016 3267 2182 3334 hisissime
2203 3289 2266 3333 cm-

278 3353 400 3417 iectum
432 3351 610 3417 videamus.
654 3351 753 3416 Ratio
790 3352 897 3434 potior
934 3351 1025 3416 nulla
1062 3353 1250 3418 invenietur
1301 3355 1356 3418 nia
1378 3354 1497 3417 iterum
1519 3353 1668 3431 tractavi,
1692 3360 1731 3416 ut
1752 3372 1848 3416 nemo
1871 3351 2093 3418 offenderetur
2114 3375 2176 3419 uec
2197 3375 2267 3436 cap

279 3457 378 3520 quam
399 3435 560 3520 colloquii,
582 3445 616 3501 et
637 3447 674 3501 ιιι
692 3435 797 3504 dicam
819 3435 904 3519 quod
926 3438 1054 3519 experti
1076 3460 1198 3516 sumus,
1221 3438 1250 3503 si
1300 3446 1387 3504 taret
1414 3458 1527 3504 ansam
1556 3437 1697 3516 errandi,
1731 3437 1829 3520 idque
1851 3448 1930 3503 tuno
1952 3447 2096 3503 assumto
2119 3460 2192 3504 mec
2214 3459 2266 3503 no·

278 3522 369 3587 mille
396 3521 501 3586 literis
522 3522 702 3606 egissemus
729 3543 899 3605 nunquam
920 3543 958 3587 eo
980 3530 1116 3588 ventum
1138 3524 1251 3590 fuisset
1300 3527 1397 3590 mine.
1449 3523 1539 3604 Quid
1562 3524 1644 3589 mihi
1667 3523 1849 3589 faciendum
1871 3539 1922 3588 est
1946 3523 1998 3588 ubi
2021 3545 2141 3589 namen
2163 3545 2267 3590 meum

279 3629 352 3675 cum
375 3607 416 3672 iis
436 3629 511 3675 oum
533 3608 651 3691 quibus
680 3607 857 3691 colloquuti
886 3628 1015 3684 sumus,
1043 3629 1107 3691 quo
1137 3608 1250 3675 datum
1301 3609 1467 3694 adscripsi,
1496 3610 1525 3674 si
1552 3611 1689 3694 impium
1713 3609 1835 3691 aliquid
1857 3609 1901 3674 sit
1935 3618 1971 3673 ut
1993 3609 2082 3675 unde
2100 3620 2265 3675 armentur

279 3702 330 3760 est
350 3695 462 3776 paucis
480 3692 589 3759 verbis
611 3714 721 3760 coram
742 3702 776 3759 et
792 3693 885 3759 velut
902 3690 990 3759 aliud
1012 3695 1194 3778 agentibus,
1217 3701 1251 3759 et
1300 3696 1403 3780 impii,
1416 3695 1462 3778 pii
1474 3696 1658 3772 turbentur,
1670 3695 1806 3760 ecclesia
1816 3693 2023 3759 offendatur?
2046 3697 2169 3761 moriar
2180 3696 2263 3780 prius

279 3778 356 3862 quia
377 3788 489 3845 nostra
505 3778 607 3844 verba
627 3779 699 3845 aliis
717 3799 825 3845 coram
847 3781 1087 3846 communicare
1104 3801 1172 3845 non
1193 3780 1250 3845 da-
1300 3803 1398 3864 quam
1409 3781 1438 3847 si
1449 3782 1589 3865 cogitem
1601 3802 1671 3846 rem
1689 3791 1798 3865 tegere
1810 3788 1845 3844 et
1855 3781 2003 3863 sepelire,
2019 3793 2053 3845 et
2074 3802 2141 3846 uon
2160 3783 2263 3867 potius

278 3863 383 3942 batur,
405 3865 454 3929 ita
472 3865 578 3931 visum
600 3871 651 3930 est
671 3865 783 3947 paucis
804 3867 918 3930 testari
937 3865 1015 3948 quid
1037 3867 1248 3932 sentiremus:
1300 3879 1448 3933 erratum
1483 3866 1581 3932 latori
1615 3877 1648 3931 et
1676 3866 1717 3931 iis
1739 3866 1942 3931 reconciliari
1971 3867 2165 3949 quibuscum
2194 3877 2262 3951 opta

279 3969 362 4034 quae
384 3971 450 4014 non
471 3951 557 4016 male
586 3951 728 4033 accipia
757 3961 824 4015 tam
855 3950 1006 4015 alienatis
1028 3972 1048 4015 a
1069 3950 1161 4016 uobis
1183 3973 1248 4017 non
1299 3974 1404 4018 unum
1426 3973 1497 4018 esse
1517 3953 1553 4017 in
1576 3952 1716 4019 Christo.
1751 3953 1847 4017 Hanc
1864 3971 1992 4016 mecum
2009 3950 2109 4018 facito
2131 3955 2262 4037 gmtian

278 4035 415 4101 moleste
431 4035 576 4112 ierimus,
599 4036 864 4119 imogaudemus.
901 4035 941 4101 Si
961 4035 1017 4100 ille
1038 4035 1249 4120 improbus,³)
1300 4047 1338 4104 ut
1358 4046 1567 4122 posteaquam
1590 4038 1676 4102 diem
1699 4038 1904 4122 migrationis
1925 4038 2040 4122 ignoro
2062 4049 2096 4104 et
2119 4040 2262 4104 visitatus

279 4139 354 4186 cnm
383 4141 449 4185 uno
478 4129 510 4185 et
537 4121 640 4185 altero
668 4122 724 4203 qui
753 4121 957 4204 triumphum
988 4121 1249 4189 adversariorum
1299 4125 1346 4190 lui
1376 4123 1463 4195 domi
1492 4124 1528 4188 in
1551 4126 1633 4189 meis
1655 4133 1689 4188 et
1710 4124 1746 4187 in
1768 4144 1840 4187 meo
1861 4143 1995 4206 corpore
2017 4144 2059 4187 ne
2081 4125 2176 4206 prius
2193 4125 2261 4189 hinc

279 4214 392 4272 narrat
412 4207 448 4270 iu
470 4206 629 4271 invidiam
651 4226 762 4272 eorum
785 4227 868 4289 quae
890 4215 980 4272 recta
1005 4217 1098 4282 suut,
1128 4208 1248 4291 aliquid
1299 4211 1413 4275 abeam
1446 4231 1544 4292 quam
1579 4210 1665 4293 quod
1698 4208 1797 4274 debeo
1831 4209 1983 4274 ecclesiae
2015 4210 2211 4292 persolvam,
2239 4209 2260 4273 si

279 4291 415 4357 haberet
435 4291 567 4370 Christi,
597 4313 660 4356 nan
683 4293 731 4356 ita
752 4291 915 4357 studiosos
936 4292 1026 4376 pacis
1046 4300 1079 4357 et
1100 4294 1248 4360 aedifica·
1299 4317 1371 4360 eam
1399 4295 1591 4360 offenderim
1623 4308 1657 4359 et
1683 4294 1767 4359 nihil
1793 4295 1898 4378 magis
1925 4315 1967 4359 ex
1995 4297 2106 4360 animo
2128 4297 2259 4365 sesain

279 4377 379 4442 tionis
410 4377 590 4456 morderet,
625 4378 707 4442 nihil
741 4377 905 4461 attingens
937 4377 978 4443 de
1010 4380 1050 4443 iis
1084 4400 1166 4461 quaa
1198 4381 1249 4466 (ιιι
1300 4381 1395 4462 Quod
1426 4381 1454 4445 si
1484 4380 1570 4445 bana
1598 4380 1663 4445 fide
1688 4389 1797 4444 actum
1827 4379 1870 4445 sit
1894 4401 1913 4443 a
1936 4380 2029 4446 nobis
2047 4390 2081 4445 et
2104 4382 2187 4447 nihil
2208 4384 2259 4446 im·

1297 4469 1389 4550 pium
1423 4466 1589 4544 exciderit,
1628 4466 1720 4531 effice
1752 4487 1879 4548 quaeso,
1913 4466 1943 4531 si
1974 4487 2026 4531 me
2060 4467 2163 4533 habes
2195 4487 2260 4533 eum

1298 4574 1395 4636 quem
1417 4552 1585 4629 iehabca,
1608 4561 1647 4616 nt
1668 4550 1754 4632 apud
1777 4551 1919 4635 collegas
1940 4573 2005 4616 non
2028 4553 2116 4619 alius
2148 4554 2260 4620 habeat

281 4632 397 4687 ²⁰0⁸·¹
437 4632 546 4688 Oetaea·
566 4635 604 4688 Μ
627 4634 731 4688 Bm
753 4640 823 4701 1²¹⁴!ss
846 4635 944 4702 2144228
961 4634 1141 4703 responderat
1158 4638 1196 4691 aa
1212 4637 1245 4688 N·
1297 4660 1395 4722 quam
1415 4659 1489 4702 mea
1505 4638 1609 4720 poscit
1619 4639 1814 4704 innocentia
1848 4637 1886 4703 Si
1916 4637 2093 4704 Valeraadc
2116 4662 2182 4706 non
2200 4638 2259 4723 pla·

280 4699 1195 4840 itcsstttttt‘ttttttttait‘ttfthttt
1212 4723 1248 4829 ii
1297 4745 1354 4791 ⁰⁰⁰
1376 4744 1480 4807 ¹¹⁰q¹¹⁰
1502 4725 1628 4805 1³¹⁰b⁰r2
1656 4744 1761 4805 ¹1⁰<1¹¹⁰
1790 4723 1974 4805 aquae)
1996 4736 2031 4788 a
2052 4723 2259 4802 eiusmodi

278 4840 431 4908 accepisset.
925 4907 931 4918 Ι
987 4909 1014 4921 Η
1221 4911 1226 4921 Ι
1887 4916 1888 4920 ¹

381 4907 412 5030 Ξ)
432 4906 644 5032 {giddabam
655 4908 1030 5043 richinbstmibmwdibgrilb
1047 4911 1247 5032 mahildis·
1398 4977 1426 5047 4)
1449 4977 1583 5047 Quianam
1608 4979 1652 5033 bic
1668 4978 1754 5044 suerit
1770 4978 1876 5033 tabellas
1893 4982 2051 5035 coniectura
2070 4987 2178 5039 tautam
2196 4994 2258 5037 aeae·

280 5046 351 5097 caira
418 5047 546 5114 cotopitas
567 5048 760 5167 qerraaaicam
782 5061 851 5115 qaae
873 5042 1021 5115 dicebatur,
1044 5047 1157 5100 latinam
1174 5046 1245 5111 fecit.
1294 5049 1412 5117 quimar.
1455 5046 1613 5116 Cogitamus
1640 5047 1674 5102 de
1697 5049 1755 5102 aaa
1780 5047 1947 5117 summario,
1970 5049 2046 5118 qaod
2067 5053 2188 5119 musea
2209 5051 2258 5104 sse

286 5112 354 5167 Vide
377 5130 462 5181 capra
487 5113 520 5169 N.
536 5112 571 5167 26
589 5111 604 5166 1
622 5121 677 5169 act.
696 5114 721 5168 2.
757 5113 895 5168 Nesciebat
912 5115 970 5182 ipse
987 5115 1103 5169 libellam
1121 5114 1193 5167 baar
1210 5116 1245 5170 at
1297 5118 1405 5171 acaciae
1423 5119 1528 5171 catoris
1547 5117 1698 5185 prodierat.
1739 5116 1779 5183 (if.
1798 5116 1914 5171 Baamr'i
1936 5121 2026 5187 praet.
2047 5120 2088 5174 ad
2111 5137 2188 5174 eriam
2210 5116 2258 5173 edi·

280 5181 342 5248 ipsc
358 5181 478 5237 Lartem
494 5182 597 5237 &aaa
613 5188 640 5238 et
662 5182 873 5238 commendabam
888 5182 984 5248 faisse,
1002 5184 1081 5238 caiae
1097 5183 1246 5251 praefatio·
1296 5186 1396 5240 ticaera
1415 5185 1470 5247 (Le
1490 5185 1641 5240 ,S'cmmaire
1658 5186 1691 5239 de
1711 5185 1744 5239 θ.
1765 5185 1852 5240 Fare!
1869 5185 1937 5241 Cea.
1959 5185 2036 5254 teet)
2052 5204 2080 5257 p,
2101 5191 2131 5244 ur'
2148 5197 2173 5244 et
2187 5190 2231 5243 cii.

280 5263 340 5301 aem
357 5266 460 5320 qaoque
476 5252 628 5306 trcaslatcr
644 5250 801 5320 ampliciter
816 5252 924 5318 recepit.
1398 5251 1427 5319 b)
1448 5253 1487 5319 Of.
1507 5253 1545 5309 N.
1563 5252 1639 5309 2621.
