4778 5888
177 338 240 400 000
926 329 1422 397 000000010000-000
1517 277 1520 288 ⁵
2105 324 2170 384 000

178 522 323 604 corporis
344 530 377 585 et
398 520 566 604 sanguinis
587 519 732 597 Domini,
761 519 961 602 reprehendo
983 518 1092 584 reiioio
1113 525 1146 581 et
1195 538 1247 582 res
1275 516 1485 583 exacerbatas
1507 513 1704 590 exulcerare,
1731 512 1887 578 offensam
1910 521 2038 596 partem
2065 510 2168 575 inhu-

179 604 314 671 damno:
348 605 410 671 hoc
432 604 561 671 Calvino
581 612 631 670 est
651 605 834 687 opprimere
855 605 1034 680 veritatem,
1057 612 1090 666 et
1110 603 1145 667 in
1194 603 1335 669 maniter
1359 610 1393 667 et
1420 599 1595 667 crudeliter
1621 597 1791 665 tractando
1824 597 1958 682 gratius
1987 594 2166 661 offendere

178 711 219 758 ea
239 689 449 774 opprimenda
470 690 661 773 papisticam
683 690 863 755 barbariem
885 709 1046 772 superare,
1070 708 1145 770 pro·
1194 688 1293 753 Certe
1314 689 1342 753 si
1364 688 1447 753 serio
1469 706 1566 769 agere
1584 684 1740 750 voluisset
1760 683 1801 748 de
1819 684 1873 766 pia
1888 682 2165 761 reconciliatione,

178 777 292 861 fligare
312 775 524 849 mendacium,
547 784 579 840 et
600 775 770 840 veritatem
791 775 948 841 adserere.
992 772 1144 857 Specioso
1192 773 1289 856 longe
1321 772 1415 838 aliter
1451 792 1522 836 rem
1553 770 1764 847 instituisset,
1797 769 2033 835 confessionem
2067 791 2165 834 suam

93 867 95 873 '
179 862 267 927 enim
289 859 385 924 titulo
407 860 592 926 mendacem
615 859 796 926 doctrinam
823 881 902 926 suae
930 868 1036 926 sectae
1064 879 1143 924 ven·
1193 859 1385 940 simpliciter
1434 857 1632 940 propositam
1686 855 1860 921 obtulisset
1908 854 2165 932 diiudicandam,

179 945 263 1011 ditat
283 965 343 1028 pro
365 945 529 1029 ipsissima
546 946 692 1022 00010000,
715 965 813 1012 verae
842 954 951 1011 autem
979 945 1143 1010 doctrinae
1192 945 1310 1008 omissa
1327 940 1533 1010 'conviciandi
1553 942 1652 1021 rabie,
1674 962 1770 1023 qnam
1787 941 1950 1006 rhetorico
1971 941 2079 1006 colore
2101 941 2166 1006 sub

177 1029 400 1097 defensionem
432 1029 587 1096 scelerate
617 1029 776 1110 traducit,
808 1029 894 1114 quod
922 1032 966 1097 sit
996 1029 1144 1095 veritatis
1193 1031 1364 1095 severioris
1395 1026 1631 1111 obiurgationis
1662 1035 1837 1108 praetextu
1875 1025 2045 1109 oppalliat,
2087 1026 2166 1091 licet

176 1116 350 1198 oppressio,
373 1115 490 1198 plenus
513 1116 630 1198 spiritu
653 1114 842 1182 Corolsfcdii
868 1127 902 1181 et
925 1115 1042 1199 0100110·
1067 1135 1143 1180 con·
1193 1114 1315 1179 nullam
1337 1115 1457 1180 habeat
1483 1112 1632 1178 idoneam
1662 1132 1794 1178 causam
1822 1110 1875 1176 001
1900 1112 2070 1190 mininam,
2104 1132 2166 1177 cur

176 1202 326 1280 01010000,
348 1200 528 1285 scythicam
557 1221 628 1265 esse
655 1199 845 1278 barbariem,
883 1201 997 1266 dooere
1025 1220 1143 1282 corpus
1192 1220 1245 1264 me
1273 1201 1419 1264 severius
1450 1196 1599 1282 obiurget
1629 1205 1762 1281 propter
1793 1197 2013 1263 defensionem
2045 1217 2166 1263 causae

177 1284 301 1352 (lhristi
322 1285 511 1352 manducari
528 1286 563 1349 in
580 1305 681 1352 coena
697 1286 921 1361 eucharistica,
940 1296 972 1350 at
989 1286 1023 1350 id
1040 1305 1143 1369 genus
1191 1304 1396 1351 communem
1416 1284 1499 1348 mihi
1519 1304 1594 1350 oum
1616 1289 1685 1348 tota
1706 1283 1770 1348 Dei
1791 1283 1933 1349 ecclesia.
1983 1283 2068 1363 Quis
2090 1283 2166 1364 erit,

175 1372 331 1437 conviciis
343 1370 493 1450 disertus,
510 1371 739 1449 irreverenter,
757 1370 886 1454 nequid
898 1372 1001 1436 dicam
1020 1371 1142 1448 durius,
1192 1370 1332 1450 obsecro,
1350 1371 1448 1447 locus,
1466 1390 1550 1452 quae
1572 1370 1626 1435 via
1647 1368 1688 1433 ad
1709 1368 2013 1447 reconciliationem,
2040 1369 2105 1433 nisi
2125 1382 2167 1434 ut

175 1456 282 1521 effutit
302 1456 367 1534 illa,
390 1476 506 1539 corpus
524 1455 648 1522 Christi
676 1458 795 1536 vorari,
823 1457 1026 1540 ingurgitari,
1055 1455 1143 1521 coelo
1192 1457 1333 1539 turpiter
1353 1455 1614 1539 praevaricantes
1646 1452 1774 1537 prodita
1802 1455 1941 1518 00010000
1970 1454 2166 1538 sacrilegam

175 1540 257 1618 elici,
280 1542 466 1625 affigipani,
490 1539 658 1607 Christum
680 1541 838 1623 prostitui.
860 1542 953 1608 Haec
970 1550 1003 1606 et
1024 1541 1143 1607 similia
1192 1541 1386 1622 palinodiam
1408 1561 1572 1616 canamus,
1600 1547 1634 1604 et
1655 1538 1809 1604 ambobus
1836 1538 1995 1605 bracchiis
2021 1539 2166 1622 amplec·
2261 1616 2262 1619 Ἴ
2317 1548 2319 1555 “
2375 1571 2377 1587 a

175 1625 323 1693 solebant
343 1628 396 1691 isti
414 1626 556 1710 religiosi
580 1625 728 1693 rhetores
755 1647 938 1710 personare,
968 1637 1001 1692 et
1022 1627 1142 1692 talibus
1192 1636 1300 1691 tamur
1317 1626 1508 1691 damnatum
1530 1624 1648 1709 dogma
1669 1646 1706 1690 ao
1728 1625 1889 1708 supplices
1911 1626 2063 1707 prostrati
2086 1646 2166 1690 con-

174 1711 378 1778 emblematis
410 1713 532 1795 scripta
568 1733 628 1777 sua
663 1731 829 1777 exornare.
890 1712 1012 1777 Parum
1042 1713 1142 1788 abest,
1192 1713 1352 1789 fiteamur‚
1371 1732 1430 1777 nos
1447 1711 1606 1794 grandem
1623 1710 1777 1775 iniuriam
1796 1711 1910 1776 fecisse
1931 1708 2051 1792 0100111
2069 1710 2166 1775 soda-

175 1797 256 1880 quin
279 1795 428 1863 00101000
459 1817 518 1879 000
551 1796 748 1882 Cyclopibus
780 1805 813 1862 et
840 1797 984 1864 barbaris
1015 1796 1142 1876 habeat,
1192 1797 1276 1861 libus
1297 1801 1464 1880 uterque*
1485 1797 1616 1861 veniam
1639 1794 1871 1877 deprecemur?
1913 1795 2044 1860 Nullam
2065 1796 2166 1860 aliam

175 1883 358 1965 quicunque
388 1882 423 1946 in
456 1883 509 1948 hia
539 1883 682 1949 ecclesiis
723 1904 788 1948 non
820 1883 956 1948 adorant
988 1891 1142 1966 tanquam
1193 1903 1284 1964 spem
1312 1881 1544 1948 reconciliandi
1573 1880 1724 1947 Calvinae
1755 1880 1919 1963 relinquit,
1952 1897 2053 1963 quum
2087 1903 2167 1947 oon·

175 1968 326 2034 coelestia
353 1966 491 2045 oracula,
518 1989 601 2050 quae
636 1969 879 2034 sacramentarii
904 1967 1075 2034 effundunt
1102 1990 1143 2033 ex
1192 1966 1331 2032 fidenter
1341 1968 1435 2033 vobis
1453 1967 1629 2032 denunciat
1645 1974 1838 2048 perpetuum
1851 1966 1970 2031 bellum
1989 1977 2022 2031 et
2032 1976 2168 2032 nostrae

175 2051 318 2135 limpidis
339 2054 405 2118 suis
427 2053 552 2119 lacunis
564 2062 598 2118 et
618 2053 724 2118 locum
735 2054 874 2135 aliquem
897 2055 944 2119 eis
961 2053 1144 2120 concedunt
1193 2051 1358 2118 doctrinae
1379 2053 1515 2129 hostem,
1538 2050 1616 2116 dum
1638 2053 1729 2127 vivit,
1751 2051 1897 2116 futurum
1915 2073 1950 2117 00
1971 2072 2041 2117 esse
2058 2054 2168 2116 mina·

175 2139 212 2202 in
231 2138 412 2203 ministerio
439 2138 663 2216 ecclesiastico,
693 2140 749 2220 qui
770 2140 865 2203 aliter
885 2140 1016 2222 sapiunt
1039 2149 1072 2204 et
1098 2138 1142 2203 lc·
1195 2147 1257 2203 tur.
1301 2137 1357 2204 Sic
1378 2137 1507 2203 enimc
1535 2139 1672 2221 vestigio
1699 2145 1771 2219 post
1799 2137 1998 2202 mentionem
2028 2137 2169 2202 remedii

175 2232 322 2306 quuntur
344 2224 384 2287 dc
405 2243 506 2290 coena
528 2224 662 2288 Domini
684 2243 780 2305 quam
803 2223 985 2308 Cinglianis
1012 2223 1142 2301 arridet,
1195 2233 1227 2287 et
1249 2223 1520 2289 reconciliationis
1537 2224 1673 2297 intonat,
1701 2223 1761 2288 sibi
1789 2222 1955 2288 decretum
1983 2243 2064 2299 esse,
2093 2243 2167 2288 car·

175 2318 209 2373 00
226 2320 339 2374 contra
356 2310 491 2373 istorum
515 2309 633 2391 placita
654 2308 777 2373 audent
798 2310 849 2373 001
871 2332 907 2374 00
931 2311 1065 2392 aperire,
1088 2309 1143 2375 001
1194 2308 1302 2372 nalem
1345 2309 1471 2375 Christi
1512 2310 1730 2389 praesentiam
1763 2329 1866 2391 usque
1898 2307 1939 2372 ad
1977 2319 2167 2373 extremum

175 2414 278 2458 unum
300 2395 364 2458 ista
385 2394 532 2460 scribere.
583 2394 764 2476 Aliquoties
796 2394 877 2458 mihi
904 2395 1084 2460 barbariem
1107 2397 1142 2459 in
1194 2396 1342 2477 spiritum
1367 2414 1555 2479 oppugnare
1576 2393 1671 2458 00110.
1723 2392 1811 2474 Quid
1841 2402 1944 2458 restat
1973 2393 2077 2476 igitur
2099 2395 2167 2459 nisi

175 2499 242 2544 uno
265 2482 386 2563 scripto
407 2479 525 2555 obiicit,
547 2489 581 2543 et
602 2488 728 2545 nostros
750 2501 809 2563 pro
826 2481 973 2546 barbaris
998 2480 1141 2563 despicit.
1194 2488 1231 2542 ut
1252 2501 1311 2544 nos
1332 2479 1374 2543 ad
1395 2478 1618 2544 sustinendam
1639 2478 1759 2544 molem
1782 2477 1858 2542 belli
1886 2493 1919 2543 et
1950 2478 2079 2543 hostilia
2107 2501 2167 2562 op·

175 2564 248 2628 Etsi
269 2565 370 2648 igitur
387 2586 452 2628 non
470 2565 575 2629 solum
596 2565 736 2648 abneget
757 2566 902 2647 corporis
923 2576 956 2630 et
973 2567 1142 2649 sanguinis
1193 2566 1402 2649 pugnationis
1429 2566 1535 2649 parati
1573 2566 1688 2641 simus,
1721 2565 1855 2629 accincti
1887 2563 1996 2648 gladio
2028 2566 2168 2646 spiritus

175 2648 303 2715 Christi
324 2650 542 2731 praesentiam
564 2658 597 2714 et
618 2651 835 2732 sumptionem
865 2653 900 2716 in
929 2652 1142 2718 eucharistiae
1193 2658 1316 2715 stemus
1346 2653 1382 2714 in
1414 2652 1497 2726 acie,
1530 2649 1613 2714 nihil
1646 2650 1894 2714 extimescentes
1925 2649 2169 2715 formidabilem

173 2745 391 2800 sacramento:
414 2734 492 2799 dum
513 2743 695 2817 protractus
715 2735 749 2800 in
776 2736 880 2802 lucem
902 2757 943 2801 ex
973 2738 1041 2802 suis
1062 2737 1141 2801 late-
1194 2745 1387 2800 GIGANTEM
1414 2745 1711 2812 PHILISTINORUM,
1743 2744 1929 2801 constanter
1956 2736 2102 2818 ingenue
2132 2747 2168 2801 00

175 2819 241 2884 bris
262 2820 383 2885 fatetur
404 2840 439 2884 ae
461 2820 495 2884 in
518 2841 556 2885 ea
577 2842 613 2885 00
635 2820 806 2886 dissentire
837 2844 911 2887 cum
938 2823 982 2895 D,
1008 2822 1141 2887 10010000
1192 2822 1279 2887 01000
1296 2820 1431 2886 edamus
1449 2831 1594 2886 nostram
1619 2821 1862 2900 confessionem,
1891 2832 1925 2885 et
1947 2824 2084 2904 quisque
2107 2843 2170 2888 suo

174 2913 207 2968 00
227 2903 397 2971 Saxoniois
417 2904 569 2984 ecclesiis,
592 2914 625 2969 00
643 2906 755 2972 fideles
771 2908 807 2971 in
825 2907 951 2974 coelum
970 2906 1141 2973 ascendere
1193 2908 1262 2973 loco
1279 2927 1338 2989 pro
1357 2929 1415 2973 suo
1432 2907 1524 2986 dono,
1548 2916 1787 2991 oppugnatores
1806 2907 1925 2972 aeriter
1943 2907 2167 2990 repellamus?

173 2990 314 3068 iussisse,
343 2999 381 3055 ut
402 3010 499 3056 carne
528 3001 561 3055 et
583 2993 742 3076 sanguine
769 2991 893 3058 Christi
915 3001 1138 3059 vescerentur:
1192 2992 1265 3056 Non
1286 3000 1336 3057 est
1356 2993 1501 3075 profecto
1523 2993 1659 3057 obscura
1681 3012 1786 3075 neque
1812 2992 1925 3075 ignota
1951 3000 2063 3058 vestra
2092 3014 2171 3060 oon·

173 3073 355 3140 sedetiam
385 3084 452 3140 tam
481 3076 631 3143 eeclesias
662 3087 805 3155 nostras,
833 3098 929 3161 quam
958 3078 1140 3144 docuinam
1193 3078 1299 3157 fessio,
1311 3078 1388 3159 quid
1400 3079 1547 3142 sentiatis
1563 3077 1682 3159 quidve
1693 3079 1835 3160 probetis
1847 3086 1903 3142 aut
1921 3078 2114 3160 improbetis
2132 3082 2170 3144 in

172 3160 265 3226 foede
287 3161 496 3228 deformatae
519 3162 658 3240 damnet,
681 3172 838 3246 quantum
856 3166 972 3228 attinet
994 3162 1035 3228 ad
1056 3163 1140 3229 hano
1192 3164 1254 3230 hac
1271 3165 1499 3230 controversia.
1533 3163 1609 3228 Non
1621 3164 1732 3228 subter
1743 3162 1887 3228 modium
1906 3165 2014 3247 posita
2030 3165 2171 3230 lucerna

173 3253 299 3327 partem
319 3246 404 3324 fidei,
438 3247 477 3313 de
509 3268 574 3331 qua
595 3249 687 3315 nobis
719 3249 811 3313 litem
843 3249 1001 3314 intendit:
1034 3252 1141 3315 fucate
1190 3259 1320 3314 vestrae
1332 3248 1496 3315 doctrinae
1507 3248 1724 3326 absconditur,
1743 3249 1799 3314 sed
1815 3249 1851 3313 in
1872 3248 2043 3332 propatulo
2066 3249 2169 3316 lucet

173 3340 283 3396 tamen
306 3333 491 3415 praeferens
511 3334 668 3398 vestitum
689 3335 799 3400 ovium
820 3335 911 3398 venit
938 3344 976 3400 ut
1007 3337 1139 3414 amicus,
1191 3335 1346 3400 Publicae
1366 3344 1495 3400 vestrae
1512 3334 1691 3413 conciones,
1712 3337 1792 3399 item
1810 3333 1916 3400 editae
1935 3336 2170 3414 confessiones,

172 3418 266 3481 00010
286 3428 323 3482 00
345 3426 454 3500 pastor
465 3417 567 3484 bonus
584 3419 787 3485 adecclesias
804 3420 966 3486 inferioris
978 3420 1140 3486 Saxoniae
1192 3430 1360 3503 praeterea
1404 3430 1517 3485 sancta
1553 3419 1658 3484 edicta
1701 3421 1910 3504 magistratus
1955 3421 2172 3504 promulgata

173 3509 207 3566 et
229 3502 437 3581 Germaniae,
456 3503 544 3568 haud
562 3503 659 3570 dubie
677 3525 715 3569 ea
736 3504 892 3588 religione
910 3515 942 3570 et
962 3505 1139 3584 devotione,
1191 3514 1306 3572 contra
1327 3505 1605 3581 sacramentarios,
1629 3506 1708 3569 satis
1739 3515 1849 3588 aperte
1880 3515 2053 3585 testantur,
2083 3527 2171 3589 quae

172 3608 235 3669 qua
256 3588 326 3671 lupi
347 3590 485 3654 veniunt
506 3588 548 3653 ad
568 3611 660 3655 oves:
683 3589 812 3656 dedicat
827 3590 879 3656 his
896 3591 1017 3656 librum
1037 3592 1140 3656 hosti·
1191 3593 1234 3655 sit
1254 3600 1366 3656 vestra
1387 3591 1476 3657 fides.
1533 3590 1661 3656 Iterum
1694 3601 1805 3656 tamen
1837 3590 2025 3658 renovanda
2057 3602 2110 3656 est
2133 3604 2168 3657 00

172 3672 247 3739 liter
268 3674 484 3739 insectantem
507 3683 540 3739 et
561 3686 828 3758 conspuroantem
851 3675 885 3740 id
902 3677 985 3759 quod
1009 3678 1140 3743 edoctae
1190 3677 1384 3760 proferenda
1408 3677 1576 3752 confessio,
1601 3697 1701 3759 quum
1724 3677 1784 3743 hoc
1807 3686 1952 3759 tempore
1976 3677 2117 3742 insidiae
2132 3689 2169 3743 00

173 3757 298 3824 Christi
320 3760 420 3825 verbo
442 3771 474 3825 et
494 3761 612 3843 spiritu
633 3762 826 3843 profitentur
848 3761 1043 3827 adsalutem
1064 3764 1139 3828 reli·
1190 3762 1345 3827 violentia
1366 3782 1464 3828 saeva
1482 3763 1624 3828 hostium
1636 3763 1857 3845 grassantium
1879 3765 1915 3826 in
1937 3763 2021 3827 00110
2033 3762 2168 3828 Christi

173 3844 264 3926 giosa
285 3845 365 3909 fide:
389 3847 486 3926 venit,
508 3848 652 3928 inquam,
683 3847 784 3911 fretus
814 3848 968 3911 nimirum
999 3846 1060 3914 hao
1082 3870 1139 3932 spe
1190 3847 1334 3931 pericula
1361 3848 1523 3926 ecclesiae,
1555 3868 1657 3930 quum
1684 3868 1744 3930 pro
1775 3849 1879 3913 salute
1902 3848 2011 3930 populi
2044 3849 2169 3915 sollici-

173 3938 207 3993 et
228 3931 432 4007 confidentia,
461 3933 515 4012 qui
538 3932 599 3996 scit
624 3952 660 3995 re
682 3932 849 4015 explorata
881 3954 940 4016 per
961 3954 1037 3998 suos
1066 3955 1139 4017 spe·
1189 3933 1266 3999 tudo
1288 3941 1321 3998 et
1343 3934 1431 3999 aelus
1453 3954 1511 4016 pro
1528 3933 1632 4018 gloria
1649 3932 1712 3998 Dei
1733 3933 1765 3998 id
1784 3932 1968 4016 deposcant,
1991 3941 2025 3998 00
2042 3935 2079 3998 in
2102 3935 2169 4003 hac

172 4014 333 4079 culatores
355 4015 483 4079 latitare
505 4017 539 4079 in
561 4015 613 4080 his
629 4016 708 4082 locis
726 4018 905 4101 permixtos
922 4017 1044 4101 aliquot
1061 4041 1139 4084 suae
1189 4029 1282 4102 parte
1317 4020 1488 4102 praecipue
1520 4020 1638 4084 caritas
1668 4020 1812 4084 fraterna
1841 4018 2035 4085 declaranda
2076 4042 2169 4087 nunc

171 4100 295 4165 farinae
317 4101 465 4165 homines
487 4101 632 4182 impense
649 4103 797 4168 faventes
816 4104 1086 4181 sacramentariis,
1106 4112 1140 4169 et
1190 4106 1232 4168 sit
1254 4125 1332 4188 erga
1354 4112 1492 4183 exteros,
1515 4127 1556 4168 ne
1578 4106 1747 4187 patiamini
1769 4105 1944 4171 falsissima
1974 4106 2031 4170 illa
2054 4109 2166 4189 suspi-

172 4185 206 4249 in
229 4206 342 4250 omnes
359 4185 542 4251 occasiones
564 4187 713 4266 intentos,
736 4197 774 4252 ut
790 4190 874 4253 fores
892 4190 1010 4272 ubique
1031 4210 1139 4255 saera-
1190 4192 1282 4256 cione
1304 4211 1368 4272 qua
1385 4190 1427 4255 V.
1450 4191 1491 4255 D.
1514 4189 1675 4254 infamare
1696 4199 1859 4256 conantur
1888 4191 2017 4266 induci,
2031 4202 2071 4255 ut
2093 4213 2167 4257 ore-

171 4272 341 4337 mentariia
362 4270 568 4353 patefaciant.
612 4272 662 4336 Ne
683 4276 772 4339 iocus
789 4284 822 4338 et
838 4274 934 4339 ludus
956 4295 1026 4339 0000
1048 4275 1138 4341 vide-
1190 4276 1278 4353 dant,
1306 4297 1365 4339 vos
1388 4274 1454 4340 ullo
1476 4283 1570 4359 pacto
1593 4277 1777 4358 suffragari,
1807 4277 2014 4359 patrocinari,
2039 4279 2166 4356 favere,

172 4366 246 4420 atur
268 4356 354 4438 quod
376 4357 453 4439 agit,
483 4357 663 4422 obtestatur
684 4380 796 4424 omnes
825 4360 941 4442 probos
969 4361 1138 4427 ministros
1167 4373 1247 4448 ,aut
1267 4370 1352 4426 certe
1370 4382 1435 4425 non
1457 4360 1550 4426 valde
1571 4361 1723 4426 reluctari
1746 4363 2022 4427 sacramentariis:
2055 4384 2166 4446 neque

172 4441 298 4506 Christi
309 4449 342 4506 et
352 4442 494 4506 sinceros
506 4442 569 4506 Dei
581 4443 730 4522 cultores,
747 4455 785 4508 ut
795 4445 978 4527 quaerendo
995 4445 1138 4512 remedio
1190 4445 1370 4529 providere,
1393 4467 1435 4510 ne
1456 4446 1580 4514 seducti
1601 4457 1736 4529 pereant
1757 4469 1815 4530 pro
1833 4448 1949 4529 quibus
1961 4447 2168 4516 redimendis

172 4545 304 4609 operam
327 4526 414 4591 dent.
464 4527 659 4592 Remedium
689 4531 801 4611 quaeri
830 4531 911 4608 0010,
940 4539 973 4594 00
993 4553 1059 4595 000
1080 4552 1136 4615 ag·
1189 4532 1276 4597 filius
1309 4532 1372 4598 Dei
1403 4534 1582 4614 pretiosum
1623 4553 1720 4598 suum
1756 4535 1951 4616 sangninem
1989 4533 2165 4616 impendit

173 4613 280 4709 noscit
309 4612 456 4677 morbum
487 4634 595 4690 suum,
629 4614 769 4679 modicos
792 4615 904 4681 fideles
932 4615 1008 4694 odit,
1031 4637 1139 4699 perse-
1188 4617 1304 4681 Malim
1326 4617 1457 4700 quidem
1479 4618 1634 4701 depositis
1655 4619 1946 4684 concertationibus
1970 4620 2166 4687 reconcilia·

172 4704 287 4780 qu1tur
307 4707 340 4761 et
361 4698 498 4780 repellit,
520 4719 588 4763 non
608 4700 703 4764 aliter
724 4721 820 4783 quam
842 4700 1050 4783 phreneticus
1078 4701 1137 4766 ali·
1190 4704 1311 4767 tionem
1339 4704 1426 4783 fieri,
1464 4713 1497 4767 et
1522 4724 1635 4786 pacem
1664 4706 1826 4783 constitui,
1860 4702 2034 4769 dummodo
2062 4705 2167 4773 licitis

172 4782 244 4863 quis
272 4783 420 4847 furiosus.
476 4784 613 4864 Quaerit
651 4785 812 4850 saniorem
841 4793 965 4868 partem
995 4788 1139 4871 corporis
1189 4789 1284 4854 iustis
1307 4809 1344 4854 ao
1371 4790 1492 4855 sanctis
1520 4788 1756 4855 conditionibus
1785 4790 1926 4854 obtineri
1949 4812 2015 4873 pax
2049 4802 2169 4860 sancta

171 4865 300 4932 laedere
329 4869 488 4952 contagio,
525 4878 558 4934 et
589 4872 753 4952 praetexit
784 4870 929 4936 studium
954 4872 1144 4954 inquirendi
1189 4887 1295 4957 queat,
1312 4872 1387 4938 fidei
1405 4875 1600 4940 christianae
1621 4875 1844 4940 incolumitate
1861 4874 1973 4942 illaesa
1993 4887 2168 4958 manente,

172 4952 330 5018 salutaria
357 4953 515 5019 remedia:
545 4955 791 5039 circumspectat
821 4956 877 5021 ubi
911 4958 1039 5041 infligat
1066 4959 1140 5023 vul·
1189 4959 1335 5042 adquam
1346 4968 1512 5026 metatum
1523 4961 2167 5045 offerotestraequecognitionisubiicio.

172 5056 260 5116 nera,
284 5048 316 5102 et
337 5046 447 5104 tamen
468 5039 618 5106 sollicitat
646 5038 686 5106 de
714 5040 906 5108 adhibendis
939 5044 1138 5127 emplastris:
1189 5045 1341 5111 Peterem
1364 5067 1384 5111 a
1404 5046 1497 5112 vobis
1526 5055 1564 5111 ut
1585 5047 1686 5113 010101
1707 5067 1749 5111 ex
1772 5048 1889 5112 0000010
1911 5046 2056 5114 0001001ἱο
2084 5069 2166 5116 oon·

171 5124 343 5206 profitetur
363 5145 398 5190 sc
419 5125 569 5207 amplecti
586 5124 737 5192 alacriter
754 5127 839 5193 velle
857 5149 1068 5212 quaecunque
1088 5152 1139 5196 re·
1191 5133 1350 5209 venirent,
1369 5131 1472 5215 deque
1489 5133 1651 5199 communi
1669 5133 1803 5199 consilio
1820 5133 1954 5198 ederent
1970 5153 2065 5198 suam
2082 5155 2166 5202 con·

171 5209 404 5276 conciliationis
430 5211 514 5276 ratio
541 5208 649 5276 oblata
680 5212 794 5291 fuerit,
827 5221 1000 5279 ettamen
1032 5216 1140 5300 pergit
1189 5216 1378 5283 fossionem:
1401 5217 1458 5283 ssd
1480 5219 1545 5283 scio
1566 5238 1649 5300 quae
1670 5218 1830 5285 obsistant
1847 5216 2056 5285 difficultates
2079 5242 2166 5304 quo-
