4754 5880
186 324 191 335 .
276 269 323 333 ss
467 228 471 233 ³
1031 263 1294 333 EPISrouun
1316 260 1527 329 uere-2419
2233 258 2273 326 st

370 452 497 518 Verum
525 452 605 519 haec
636 453 800 520 hactenus.
851 452 974 519 ansar
1002 454 1122 517 iterum
1148 453 1253 517 fertur
1304 451 1494 517 Clarissimo
1515 459 1549 516 et
1570 450 1851 533 praestantissimo
1873 449 1943 514 viro
1962 449 2004 514 D.
2026 448 2171 514 Haurico
2193 449 2272 514 Bul-

283 539 319 603 in
340 537 537 621 Hispaniam
548 538 759 620 profecturus,
771 539 961 621 praesertim
983 544 1021 602 nt
1040 537 1253 621 filiiregnum
1303 537 1431 621 lingere
1458 536 1609 601 ministro
1638 535 1791 602 ecclesiae
1813 535 1992 619 tigurinae
2018 534 2101 616 patri
2123 555 2195 600 meo
2218 536 2272 601 ob·

284 625 319 689 in
344 623 467 707 Anglia
499 623 649 689 stabiliat.
695 623 808 689 Bonus
841 625 897 688 ille
937 623 1252 707 archiepiscopus¹¹)
1374 621 1628 688 servandissimo
1646 623 1844 688 Franciscus
1866 620 2074 685 Hotomanus
2101 618 2136 686 S.
2159 621 2202 685 D.

284 709 429 775 nondum
451 710 639 775 combustus
657 719 714 775 est.
744 709 915 776 Mcriciunt
926 712 968 786 ¹²)
981 709 1126 774 vicinum
1143 728 1253 772 meum

286 795 465 860 amisimus.
516 793 643 877 Opinor
675 796 710 859 in
750 798 819 860 eius
855 796 967 860 mucre
998 794 1252 878 quadringentos
1389 794 1513 857 Munus
1546 802 1637 856 tuum
1653 795 1677 873 ¹)
1707 794 1817 875 accepi
1845 812 1920 856 cum
1950 790 2053 855 literis
2071 794 2137 855 tuis
2156 792 2272 857 huma-

284 879 393 945 iuissc.
440 879 559 946 Uirtus
581 881 807 964 Antwcrpiam
829 889 879 946 est
895 882 1066 962 profectus.
1080 882 1122 960 13)
1162 879 1252 945 Scri·
1302 879 1447 944 nissimis
1469 889 1502 942 et
1523 878 1764 943 amantissimis.
1800 879 1906 943 Deum
1925 897 1982 942 oro
2004 886 2041 941 ut
2063 898 2115 940 me
2138 878 2200 941 ista
2218 887 2273 945 tua

286 965 340 1031 bct
368 965 449 1029 mihi
471 964 690 1049 Heidelberga
714 975 747 1030 et
768 964 912 1042 Colonia,
932 966 988 1031 ubi
1005 965 1108 1030 libera
1130 973 1179 1031 est
1201 985 1252 1028 re·
1302 963 1529 1030 benevolentia
1550 984 1718 1045 nunquam
1741 963 1913 1047 indignum
1939 963 2091 1046 reperias.
2117 1000 2153 1008 -
2175 964 2272 1030 Mitto

283 1050 362 1133 ligio
390 1050 447 1115 sed
469 1050 613 1115 nondum
642 1051 768 1133 publice
797 1052 1004 1135 evangelium
1036 1050 1251 1133 praedicatur.
1303 1072 1389 1115 nunc
1415 1050 1474 1114 tibi
1511 1049 1681 1132 epistolam
1716 1049 1951 1133 apologeticam
1986 1047 2026 1113 ad
2056 1046 2177 1113 Betons
2198 1071 2272 1115 nos·

285 1135 385 1200 Haud
407 1137 472 1201 scio
490 1158 532 1201 an
544 1136 699 1201 Coloniae
721 1138 765 1202 sit
774 1157 1018 1219 permansurus.
1049 1137 1103 1201 Me
1125 1156 1252 1218 quoque
1303 1147 1400 1212 trum,
1409 1134 1437 1218 ²)
1449 1133 1605 1199 adversus
1622 1134 1769 1200 libellum
1782 1135 1944 1216 quendam
1969 1135 2022 1198 hio
2042 1134 2272 1218 falsoinscrip·

285 1240 482 1304 magnopere
504 1243 613 1286 secum
631 1222 740 1286 allicit.
770 1220 837 1287 Sed
849 1222 933 1304 quod
945 1223 1098 1287 Lutetiae
1115 1231 1182 1285 tam
1205 1221 1251 1284 fe·
1302 1230 1372 1285 tum
1394 1220 1563 1285 christiani
1594 1219 1820 1285 Iurisconsulti
1854 1220 2021 1298 nominel)
2054 1241 2094 1283 ex
2123 1241 2188 1300 qua
2211 1220 2271 1285 hu·

284 1306 390 1372 liciter
428 1307 580 1372 inchoavi
619 1306 854 1389 perficiendum
892 1316 949 1373 est.
1014 1306 1252 1390 Heidelbergae
1302 1307 1492 1370 manitatem
1523 1307 1592 1370 eius
1621 1306 1763 1371 bominis
1792 1326 1975 1388 cognosces,
2006 1326 2102 1388 quem
2128 1305 2272 1371 salutare

283 1391 548 1457 reformabuntur
579 1393 732 1458 ecclesiae
745 1397 787 1468 ¹⁴)
818 1393 873 1458 sed
899 1392 1170 1475 Wittembergica
1198 1412 1251 1455 ra·
1302 1401 1357 1455 tuo
1398 1393 1528 1455 nomine
1572 1411 1639 1455 non
1669 1391 1768 1473 potui,
1801 1391 1888 1474 quod
1917 1391 2182 1455 Francofordiam
2217 1401 2272 1456 aut

285 1477 381 1542 tione.
426 1478 508 1543 Peto
537 1477 594 1543 abs
621 1488 653 1543 te
679 1490 715 1542 ut
746 1480 884 1561 strepitu
906 1479 1042 1543 isterum
1060 1478 1249 1543 vociferato·
1301 1474 1554 1559 Heidelbergam
1587 1475 1753 1559 profectus
1786 1486 1872 1541 esset
1904 1477 2093 1559 priusquam
2124 1475 2270 1543 libellum

286 1583 359 1627 rum
383 1584 424 1627 ne
447 1563 647 1628 obtunderis.
688 1565 772 1628 Nam
800 1564 860 1628 tibi
882 1565 964 1629 bene
984 1565 1039 1646 qui
1062 1565 1194 1646 cupiant
1219 1571 1251 1626 et
1301 1582 1397 1627 suum
1419 1562 1472 1627 hic
1495 1559 1711 1645 divulgasset:
1742 1584 1836 1644 quem
1860 1563 1908 1625 ita
1928 1562 2054 1628 occulte
2082 1563 2272 1645 imprimen-

284 1648 438 1713 scclesiae
459 1661 536 1712 tuae
557 1649 592 1712 in
615 1648 795 1715 Germania
814 1663 891 1714 sunt
911 1650 1102 1732 complures.
1136 1648 1250 1713 Domi·
1302 1645 1380 1710 dum
1391 1648 1521 1712 curavit
1538 1658 1576 1711 nt
1595 1649 1697 1729 pretio
1710 1647 1798 1712 nullo
1816 1649 1937 1732 pagina
1945 1669 2013 1712 una
2035 1648 2271 1731 atypographo

283 1755 346 1801 uus
364 1743 397 1797 te
418 1734 454 1797 in
472 1734 533 1797 hac
555 1735 625 1798 vita
645 1735 840 1799 mirabiliter
856 1743 994 1812 exercet,
1013 1747 1045 1800 et
1062 1737 1250 1799 universam
1301 1733 1392 1813 prius
1414 1734 1600 1814 extorqueri
1623 1735 1765 1815 potuerit
1786 1755 1884 1815 quam
1907 1736 1976 1817 ipse
1999 1733 2208 1799 discessisset.
2232 1773 2272 1780 --

282 1827 372 1883 tuam
405 1819 583 1885 ecclesiam.
632 1818 699 1884 Sed
733 1842 791 1903 pro
821 1831 877 1885 tua
908 1821 1080 1903 prudentia
1108 1821 1250 1903 cogitare
1301 1819 1348 1881 Te
1361 1817 1400 1881 do
1409 1818 1500 1900 Rufi
1511 1817 1729 1901 duplicatione
1740 1823 1765 1895 ⁴)
1778 1819 1861 1883 nihil
1873 1817 2001 1884 audisse
2013 1819 2161 1884 arbitror.
2188 1820 2273 1884 Eam

279 1913 379 1986 potes,
414 1903 475 1969 bec
504 1926 608 1988 genus
642 1927 712 1971 esse
748 1907 897 1990 martyrii
927 1907 1060 1989 eiusque
1093 1907 1248 1983 diuturni,
1302 1903 1413 1968 decem
1439 1903 1558 1969 abhinc
1585 1903 1699 1969 diebus
1730 1905 1914 1970 Bcldui'nus
1936 1905 2016 1968 mihi
2039 1906 2137 1982 misit,
2160 1908 2274 1989 ἐχθροῦ

279 1989 366 2070 quod
394 1988 556 2054 Dominus
585 1990 677 2054 Deus
706 2012 813 2056 eoram
842 1992 966 2075 angelis
988 2004 1021 2056 et
1038 1993 1158 2057 sanctis
1180 2013 1250 2057 om·
1300 1985 1545 2072 dioscoridem.
1591 1990 1765 2072 Nunquam
1789 2012 1898 2054 meum
1919 2011 2096 2073 cognomen
2120 1992 2271 2057 effirtivit.

278 2075 376 2138 nibus
398 2086 613 2140 coronaturus
640 2088 697 2141 est.
738 2077 800 2141 Tot
829 2089 908 2142 sunt
925 2077 1067 2160 quotidie
1086 2089 1249 2162 martyres
1301 2073 1505 2153 Quibusdam
1528 2075 1606 2140 locis
1619 2074 1697 2140 dicit
1717 2097 1771 2141 me
1783 2077 1931 2153 delirare,
1954 2080 2071 2158 qnippe
2089 2076 2154 2140 iam
2176 2080 2270 2158 quin·

279 2162 313 2224 in
354 2160 472 2238 Gallia,
506 2183 642 2242 quorum
676 2164 810 2245 sangnis
829 2162 1005 2228 doctrinae
1033 2173 1066 2226 et
1094 2164 1249 2229 ecclcsiae
1300 2162 1536 2243 quagenarium
1565 2171 1598 2224 et
1627 2172 1733 2225 aetate
1763 2165 1831 2243 ipso
1860 2162 2134 2243 sesquimaiorem.
2180 2163 2271 2227 Nihil

278 2258 354 2309 tuae
377 2246 599 2310 testimonium
627 2247 743 2325 reddit,
773 2255 812 2311 ut
833 2248 975 2313 dubitari
997 2270 1060 2312 non
1085 2251 1187 2331 possit
1208 2248 1248 2313 de
1301 2266 1445 2326 unquam
1485 2247 1627 2328 ineptius
1656 2247 1772 2331 legisti.
1824 2247 1976 2312 Alterum
2002 2259 2148 2312 autorem
2178 2251 2270 2314 istius

279 2329 438 2412 singulari
466 2330 605 2414 quadam
628 2333 692 2397 Dei
715 2335 749 2396 in
771 2335 868 2397 istam
891 2349 980 2398 tuam
1002 2335 1169 2400 ecclesiam
1192 2334 1246 2399 be·
1300 2330 1374 2395 libri
1396 2332 1494 2396 luisse
1517 2331 1614 2396 dicas.
1644 2332 1710 2397 Sed
1731 2335 1863 2397 omnino
1885 2333 1946 2398 boc
1970 2347 2113 2414 tempore
2135 2355 2271 2417 respon·

277 2416 466 2479 nevolentia
504 2438 587 2498 quae
626 2438 684 2481 auo
717 2429 860 2501 tempore
893 2431 1110 2503 cognoscetur.
1158 2421 1245 2485 Eum
1300 2415 1377 2480 dere
1409 2437 1475 2480 non
1505 2422 1685 2498 possum,⁵)
1708 2420 1828 2501 partim
1852 2429 1983 2501 propter
2004 2420 2197 2484 innumeras
2220 2442 2271 2486 oc-

278 2501 420 2565 obtestor
448 2512 485 2565 nt
514 2504 660 2566 animum
689 2513 782 2567 tuum
810 2525 868 2568 suo
896 2515 1008 2570 saneto
1031 2507 1147 2589 spiritu
1170 2528 1245 2572 con·
1299 2503 1485 2583 obtritiones
1507 2508 1601 2583 (quas
1621 2503 1725 2567 fatcor
1746 2526 1817 2569 esse
1842 2506 1971 2588 negotio
1993 2504 2161 2588 religionis
2183 2519 2271 2588 post-

278 2587 395 2649 firmet.
418 2587 502 2651 Vale
524 2600 557 2651 ct
581 2610 687 2652 meam
706 2588 862 2653 familiam
881 2589 1023 2656 Domino
1045 2592 1244 2657 commenda.
1299 2586 1471 2669 ponendas,
1495 2589 1551 2652 sed
1574 2589 1638 2652 illis
1656 2612 1743 2655 nnnc
1764 2592 1896 2672 penitus
1914 2612 1988 2655 sum
2011 2589 2173 2665 addictus)
2197 2614 2271 2674 par-

279 2675 453 2754 Argentor.
477 2676 527 2737 25.
551 2673 665 2738 Martii
688 2680 776 2738 1556.
1298 2674 1358 2736 tim
1392 2685 1525 2755 propter
1552 2674 1704 2757 gallicum
1738 2698 1846 2740 meum
1875 2677 2051 2759 negotium,
2086 2676 2172 2759 quod
2205 2679 2271 2744 iarn

1299 2760 1345 2822 ita
1374 2758 1514 2824 feliciter
1537 2760 1613 2825 fidei
1641 2761 1797 2826 beneficio
1827 2761 1970 2827 succedit
1994 2772 2031 2826 ut
2052 2761 2131 2828 duos
2150 2764 2268 2829 fratres

1298 2848 1424 2920 mcos⁶l
1448 2843 1489 2908 ad
1510 2845 1727 2928 cognitionem
1747 2849 1907 2930 evangelii
1926 2848 2145 2930 perduxerim,
2165 2871 2269 2931 neque

1298 2929 1440 3011 unquam
1455 2932 1606 2995 maiorem
1630 2932 1670 2995 de
1692 2954 1764 2996 meo
1777 2934 1972 3014 patrimonio
1983 2954 2074 3014 spem
2088 2935 2269 3000 habuerim.

1384 3015 1490 3080 Filius
1513 3019 1624 3087 tuus⁷)
1655 3018 1736 3080 mihi
1759 3020 1822 3081 erit
1843 3018 2189 3098 commendatissimus,
2213 3021 2270 3085 sed

1299 3108 1336 3162 ut
1364 3100 1468 3177 video,
1497 3103 1559 3166 nisi
1582 3102 1638 3167 aba
1667 3114 1699 3166 te
1721 3116 1901 3179 moneatur,
1926 3102 2036 3168 adme
2059 3126 2125 3168 non
2150 3109 2269 3172 veniet.

1297 3186 1381 3249 Mihi
1411 3197 1520 3249 tamen
1549 3188 1786 3252 incrastinum
1818 3188 1900 3253 diem
1927 3189 1970 3253 ad
1997 3190 2173 3272 prandium
2196 3214 2270 3274 pro·

1296 3272 1393 3335 misit.
1445 3272 1583 3336 Librum
1624 3285 1717 3337 tuum
1750 3294 1823 3338 cum
1857 3297 1985 3339 summa
2014 3277 2182 3357 voluptate
2217 3279 2270 3344 hic

713 3355 808 3425 2417,
1295 3354 1445 3440 legimus.
1491 3358 1583 3420 Deus
1615 3358 1698 3421 faxit
1727 3371 1765 3423 ut
1797 3362 1869 3424 istis
1898 3359 2073 3445 aliquando
2109 3363 2270 3428 scandalis

1296 3441 1371 3504 finis
1393 3442 1588 3523 imponatur.
1634 3445 1814 3508 Ecclesiola
1836 3459 1948 3510 nostra
1966 3446 2046 3511 duos
2065 3447 2165 3512 babet
2187 3450 2272 3530 opti-

444 3508 733 3576 ΗΟΤΟΜΛΝΠΒ
756 3511 1072 3579 BULLINGERO·
1296 3547 1367 3590 mos
1387 3529 1602 3605 ministros,⁸t
1635 3535 1689 3611 qui
1720 3533 1916 3595 sententiam
1947 3553 2039 3597 suam
2064 3536 2269 3617 apertissime

447 3680 452 3691 ι
917 3686 922 3697 ¹
1067 3686 1073 3697 ¹
1186 3688 1192 3700 ·
1295 3632 1374 3693 prae
1397 3634 1432 3677 sc
1458 3613 1578 3678 ferunt.
1610 3614 1789 3693 Siciliensis,
1814 3615 1983 3693 Stamina,
2013 3617 2220 3702 Dasgpodius
2237 3632 2270 3685 et

283 3762 288 3775 ι
366 3676 502 3742 Pertinet
528 3682 570 3744 cd
603 3683 708 3747 eadem
736 3683 802 3763 fere
823 3690 943 3768 negotia
963 3685 1130 3767 dequibus
1152 3691 1246 3751 etiem

276 3783 311 3826 in
327 3765 525 3844 praecedente
553 3771 662 3849 egeret

1295 3867 1385 3921 2417·
1400 3868 1429 3946 ,ll
1448 3869 1563 3922 Inbrum
1581 3870 1737 3940 Bullinperi
1751 3879 1848 3928 contra
1871 3873 2063 3941 Westpliolum.

277 3935 332 4000 (Ex
350 3935 419 4003 Epp.
436 3936 584 3989 Hotomani
607 3937 746 4006 impressis
769 3940 810 3992 ed.
828 3941 854 3994 J.
874 3941 915 3995 W.
934 3941 1033 3994 Meslii.
1065 3946 1150 3995 Amet.
1169 3941 1244 3996 1700.
1365 4008 1369 4018 .
1398 3937 1432 4017 2)ι
1448 3938 1513 3992 Non
1538 3941 1647 4009 quidem
1677 3943 1749 4011 typis
1777 3958 1932 4011 eirpreaacm
1958 3950 1987 3997 ut
2020 3944 2139 4008 tortasse
2166 3947 2268 4016 niquis

699 4008 725 4062 4·
743 4026 770 4076 p.
787 4007 825 4072 3.)
1294 4005 1519 4139 emimegim
1542 4077 1667 4158 praeced.
1691 4084 1745 4131 nol.
1769 4076 1794 4130 6.
1832 4079 1919 4133 Falso
1945 4082 2105 4148 inscriptum
2134 4082 2201 4138 dicit
2228 4086 2269 4138 cei

361 4188 407 4247 Π)
428 4189 592 4246 &amm
1294 4141 1705 4265 gffffidassezratpscinpticnum
1721 4148 1886 4214 proclamat,
1909 4151 1950 4202 vei
1972 4155 2064 4217 potina
2081 4153 2154 4220 quod
2176 4154 2270 4220 piures

361 4257 404 4323 12)
425 4258 471 4312 Sir
491 4262 616 4315 Rieiard
635 4263 762 4319 Merison
779 4268 827 4333 qui
843 4281 876 4318 nt.
896 4264 976 4318 Maio
994 4264 1061 4317 1554
1080 4282 1139 4320 eum
1159 4265 1243 4320 Obeeo
1379 4228 1426 4344 οἵ)
1445 4228 1634 4336 pppgcffl'g
1654 4312 1685 4320 ,,
1703 4283 1862 4338 Romaim
1884 4289 1915 4339 ,ἢ
1935 4286 2018 4354 Rem
2037 4288 2125 4342 amm
2148 4290 2187 4342 ad
2207 4290 2268 4344 θαι.

274 4327 486 4394 Argentoratum
504 4332 577 4384 oenit
593 4332 682 4414 ibique
698 4334 772 4387 obiit.
800 4333 918 4403 (Strype,
938 4334 1019 4386 Mem.
1038 4335 1085 4390 111.
1107 4333 1242 4402 epici
1293 4349 1387 4402 „inum
1410 4348 1498 4417 (Bm
1517 4366 1545 4417 p·
1570 4349 1634 4412 397)
1660 4352 1844 4407 Romanum
1865 4358 2025 4425 mmm
2046 4358 2119 4426 qm
2137 4357 2268 4412 Duum,

274 4395 633 4481 Im'P⁰'k“11⁰l4⁶')
687 4472 692 4481 .
1157 4473 1162 4484 ,
1292 4418 1396 4487 scripto
1422 4418 1578 4473 laudaverit
1602 4427 1744 4490 postquam
1769 4423 1861 4475 eadem
1884 4424 1966 4476 nitier·
1987 4427 2080 4490 feeerit
2107 4443 2189 4496 quum
2213 4445 2267 4496 pro

361 4465 403 4526 ld)
430 4466 494 4520 Vm
517 4469 600 4522 hum
623 4486 691 4523 “nm
715 4469 861 4524 Ermum
888 4485 915 4523 ⁸⁶
941 4471 1090 4525 “mmm
1114 4473 1160 4526 ¹⁴0⁸
1183 4488 1243 4554 eum
1295 4485 1434 4539 Molindae
1451 4493 1547 4541 eontra
1568 4488 1682 4558 Ruffum
1701 4492 1843 4544 imbuet:
1869 4492 1985 4560 Oportet
2002 4494 2081 4547 istius
2099 4497 2137 4546 tui
2156 4498 2266 4564 petroni

273 4530 353 4585 Lm
376 4532 462 4602 Pasti
490 4536 586 4617 “fl‘'
608 4536 683 4591 ΜΨ
708 4538 810 4620 M⁰⁸lm
835 4538 1033 4620 milmabam·
1069 4540 1244 4609 Anlwffl’fflt
1291 4553 1479 4608 incredibilem
1503 4573 1569 4619 esse,
1593 4574 1646 4611 uon
1670 4560 1723 4611 iam
1745 4560 1832 4612 dicam
1854 4562 2058 4629 impudentiam,
2083 4566 2147 4631 quia
2166 4566 2266 4628 latitat,

271 4600 359 4654 reduc
378 4618 455 4655 iusau
471 4620 543 4673 repra
555 4608 760 4674 comprehensus
771 4623 801 4660 tn
810 4607 939 4674 Anplrcm
949 4608 1046 4662 duetus
1055 4615 1102 4663 eet.
1121 4609 1241 4679 (Strype,
1292 4624 1340 4676 sed
1358 4625 1514 4692 nequitiam,
1534 4642 1615 4692 quum
1634 4638 1778 4696 postquam
1797 4629 1870 4683 odito
1888 4631 1980 4683 libello
1998 4632 2058 4684 adv.
2075 4633 2183 4686 Ruffum
2202 4652 2266 4704 pm·

274 4668 421 4790 Memlldss'
444 4673 465 4741 l,
476 4689 511 4753 ΙΡ-
530 4672 588 4753 515.
625 4675 709 4740 Idem,
727 4676 773 4741 list
790 4676 823 4741 ⁰f
839 4675 925 4730 Obiit
941 4694 968 4744 1)-
987 4675 1058 4742 1⁰5)
1292 4692 1371 4745 scidit
1389 4694 1450 4746 illos
1468 4697 1682 4760 commentarios,
1701 4714 1771 4751 nunc
1789 4715 1835 4752 eos
1853 4715 1882 4750 se
1900 4700 2013 4752 adorare
2032 4701 2117 4770 fingit.

394 4740 570 4804 lFttdfflco
598 4742 640 4795 ll·
665 4746 775 4797 ⁶²⁶ch
797 4761 823 4796 ‘¹-
850 4745 875 4798 ἆ-
899 4746 929 4799 V·
950 4745 1007 4799 Cal
1028 4745 1115 4800 Marl-
1136 4754 1242 4803 Miluo
1393 4760 1423 4827 5)
1443 4761 1516 4815 Eum
1540 4766 1749 4831 inplicationem
1776 4783 1857 4836 quam
1880 4768 1947 4822 droit
1970 4768 2126 4823 meditatum
2154 4787 2210 4826 esre
2236 4777 2267 4826 in

270 4808 330 4886 eius
352 4824 434 4875 nepos
452 4826 486 4863 eu
505 4811 596 4875 fratre
616 4810 679 4865 ono
697 4812 835 4867 Hennaea
852 4830 941 4867 renim
995 4816 1061 4868 titua
1084 4817 1176 4869 stetim
1192 4834 1242 4885 per
1287 4829 1462 4895 praecedente
1478 4830 1573 4896 10053122

270 4875 386 4929 edictum
408 4878 500 4943 pridie
523 4879 624 4933 Nonas
641 4881 711 4947 Apr.
731 4882 897 4948 puteorum
922 4899 938 4936 r
966 4885 1082 4937 mmccit
1104 4887 1241 4939 erebum
1393 4898 1420 4962 6)
1441 4899 1477 4953 Ν,
1496 4887 1564 4952 '2416
1583 4908 1636 4955 „og
1655 4899 1680 4956 4,

270 4959 303 4996 ee
329 4951 415 4998 mente
442 4946 676 5029 Lutieroncrum,
703 4951 733 5002 in
760 4950 902 5031 cenwines
928 4951 1050 5006 adhibito
1078 4954 1241 5009 Morbueiio
1395 4967 1423 5032 7)
1444 4968 1586 5023 secundm
1603 4971 1667 5035 ιρι),
1693 4971 1733 5025 10,
1756 4971 1895 5035 liudolfus
1913 4975 1983 5028 em,
2003 4976 2079 5030 mot,
2118 4975 2173 5044 Qui
2190 4980 2265 5033 veae.

272 5015 501 5094 Artemffllssm
532 5015 584 5069 Std
601 5016 840 5097 ¹Qffl⁰015590¹¹⁴⁸
857 5020 1166 5077 memorfflest'w
1176 5024 1240 5078 ΠῙ·
1290 5042 1336 5087 tur
1360 5052 1448 5104 nuper
1470 5039 1681 5106 Argentoratum
1705 5043 1809 5095 ueniere
1832 5058 1888 5096 non
1912 5047 1956 5108 (ut
1980 5045 2165 5100 Pectuloreius
2186 5048 2266 5104 nabet

268 5080 308 5134 ad
326 5080 521 5136 Oatornrsmum
539 5091 658 5137 transiit.
695 5086 815 5154 (Snure,
831 5088 917 5156 psile.
936 5088 1002 5142 KH.
1019 5106 1047 5157 p.
1065 5088 1107 5144 43.
1139 5092 1241 5160 Seisen,
1288 5121 1316 5171 p.
1334 5103 1400 5169 480)
1419 5108 1474 5160 iam
1493 5123 1568 5161 anno
1585 5111 1732 5174 superiore.

268 5148 366 5206 Greci.
385 5151 411 5203 d.
434 5151 494 5218 Res.
512 5168 547 5206 eu
567 5153 686 5208 Heidelb.
704 5172 731 5223 p.
749 5154 806 5221 51.)
1392 5172 1420 5242 8)
1438 5176 1627 5231 Alexandrum
1647 5184 1671 5231 et
1688 5177 1847 5247 Loquetur».
