4688 5902
272 266 334 327 479

271 451 333 515 bus
373 448 494 513 sanctis
528 446 758 530 intelligibilia,
792 445 936 529 profanis
972 451 1083 510 antem
1122 444 1242 528 suggil-

271 535 369 600 landa
390 544 449 597 etc.

358 619 447 702 Ergo
468 615 552 699 quod
575 618 635 681 sub
657 618 755 681 finem
779 615 938 681 adiiciunt
958 614 1168 680 confessionis
1185 635 1242 676 au-

272 714 375 770 tores:
400 706 434 766 in
463 724 501 767 eo
529 700 615 785 quod
643 700 815 766 essentiale
842 713 894 766 est
921 702 1094 765 convenire
1122 718 1181 763 nos
1210 706 1243 762 et

272 790 496 866 Lutheranos,
536 808 604 852 non
644 786 858 870 agnoscimus.
928 786 1075 850 Possunt
1112 781 1242 867 quidem

273 873 372 941 verba
393 874 566 938 artificiose
587 873 793 949 concinnari,
816 880 849 936 et
870 891 944 953 spes
966 870 1125 953 quaedam
1154 890 1241 935 com·

271 961 348 1043 poni
365 960 595 1034 consensionis,
614 965 803 1022 remanente
819 956 951 1021 interim
969 958 1005 1020 in
1027 977 1063 1020 re
1081 958 1154 1038 ipsa
1176 955 1242 1019 dis·

271 1044 361 1111 sidio.
395 1044 490 1110 Unde
512 1065 612 1125 quum
634 1041 756 1108 audent
776 1043 830 1107 isti
852 1042 913 1106 sibi
933 1041 1077 1124 polliceri
1100 1040 1243 1122 reliquos

272 1131 479 1196 ecclesiarum
511 1131 679 1194 ministros
711 1129 744 1192 id
777 1130 884 1210 ipsum
916 1128 1038 1192 sentire
1067 1136 1100 1191 et
1128 1124 1242 1191 docere

272 1216 357 1299 quod
388 1217 451 1298 ipsi
483 1216 544 1280 hac
576 1215 776 1279 confessione
809 1222 886 1277 sunt
918 1212 1071 1295 professi,
1104 1212 1242 1275 nimium

272 1301 331 1366 sibi
354 1302 556 1383 permittunt.
602 1299 707 1364 Sicuti
725 1308 758 1362 et
780 1300 917 1363 nimium
939 1296 1002 1362 sibi
1023 1297 1243 1380 permiserunt

271 1387 306 1450 in
329 1386 423 1450 titulo
443 1386 637 1450 confessioni
660 1383 878 1468 praefigendo,
901 1384 948 1447 ita
970 1383 1058 1448 credi
1081 1393 1114 1447 et
1135 1383 1243 1447 doceri

271 1473 305 1536 in
326 1473 468 1537 ecclesiis
495 1471 684 1535 Helveticis.
730 1469 769 1534 Si
795 1470 963 1535 consensio
991 1469 1030 1533 D.
1056 1467 1183 1532 Caluini
1210 1475 1243 1531 et

271 1558 495 1622 ministrorum
508 1556 712 1621 Cenevensis
730 1563 764 1619 et
781 1555 1009 1620 Neocomensis
1031 1554 1185 1619 ecclesiae
1205 1574 1242 1618 ac

271 1644 505 1726 Tigurinorum
527 1643 647 1705 rectius
664 1641 866 1723 inspiciatur,
884 1641 920 1703 in
938 1661 1003 1722 qua
1019 1637 1099 1704 fides
1118 1649 1151 1702 et
1169 1637 1242 1702 dcc-

270 1730 358 1793 trina
395 1729 533 1792 istarum
572 1727 782 1792 ecclesiarum
815 1726 963 1806 exposita
996 1735 1064 1798 est,
1108 1724 1242 1806 puriora

271 1815 615 1896 circumspectioraque
645 1812 684 1876 de
714 1831 814 1875 coena
843 1811 976 1874 Domini
1005 1810 1092 1874 tradi
1120 1807 1242 1873 dictum

271 1911 321 1964 est-
353 1919 450 1982 quam
487 1900 521 1962 in
550 1898 612 1962 hac
639 1897 844 1962 confessione
876 1896 918 1959 sit
951 1897 1109 1960 hactenus
1142 1914 1242 1975 expo·

272 1987 371 2050 situm
390 1994 448 2049 etc.

357 2070 430 2134 Non
452 2080 604 2151 putamus
626 2069 689 2133 nisi
718 2089 847 2133 summa
873 2074 1011 2149 urgente
1039 2067 1241 2142 necessitate,

240 2167 243 2170 ’
271 2157 305 2219 in
332 2156 373 2220 iis
401 2157 592 2238 praesertim
614 2154 711 2218 rebus
734 2174 816 2235 quae
845 2152 982 2216 maximi
1003 2160 1081 2216 sunt
1110 2152 1146 2215 in
1167 2150 1243 2214 reli·

272 2242 368 2324 gione
389 2241 556 2315 momenti,
579 2239 732 2303 novanda
753 2259 823 2303 esse
846 2238 914 2301 ulla
935 2235 1094 2302 vocabula
1112 2237 1166 2300 vel
1193 2237 1242 2300 di-

272 2326 366 2390 cendi
394 2346 515 2409 genera
545 2345 627 2406 quae
653 2326 688 2387 in
725 2324 895 2407 scripturis
924 2344 988 2386 non
1020 2322 1242 2386 inveniantur.

270 2413 399 2476 Deinde
421 2411 546 2494 quoties
562 2410 597 2473 id
614 2407 798 2474 faciendum
816 2408 888 2483 erit,
906 2419 1058 2488 optamus
1075 2427 1243 2472 summum

271 2496 383 2562 haberi
406 2497 577 2571 delectum,
601 2502 638 2558 ut
654 2495 753 2576 plana
770 2514 903 2577 prorsus
926 2513 963 2557 ac
984 2493 1120 2557 minime
1142 2493 1243 2557 ambi·

271 2602 335 2665 gua
356 2584 423 2645 sint
445 2601 527 2663 quae
548 2579 738 2662 usurpanda
760 2578 968 2655 videbuntur,
991 2577 1097 2661 idque,
1120 2579 1149 2643 si
1171 2577 1243 2643 fieri

272 2668 382 2749 possit,
404 2666 569 2732 communi
590 2665 745 2731 ecclesiae
766 2685 933 2730 consensu.

356 2751 471 2834 Itaque
494 2752 527 2815 in
551 2750 682 2834 negotio
703 2749 744 2814 de
765 2769 867 2814 coena
890 2750 1022 2814 Domini
1052 2768 1120 2813 non
1148 2747 1243 2812 facile

272 2836 510 2901 admittendum
546 2843 701 2919 putamus
742 2834 931 2900 adverbium
975 2833 1243 2910 substantialiter,

271 2935 343 2986 tum
375 2923 451 3004 quia
479 2942 544 2986 non
579 2929 629 2986 est
656 2930 849 3001 usurpatum
877 2941 981 3002 neque
1010 2922 1043 2983 iu
1073 2920 1243 3001 scriptura,

271 3029 377 3090 neque
402 3008 436 3071 in
457 3015 608 3072 veterum
629 3014 760 3089 patrum
787 3007 926 3088 scriptis,
949 3014 1019 3070 tum
1048 3006 1146 3069 etiam
1167 3005 1244 3085 quia

271 3093 369 3158 nimis
392 3101 442 3157 est
470 3093 668 3175 ambiguum.
719 3089 787 3156 Sed
808 3101 936 3166 tamen,
960 3112 1001 3155 ne
1024 3092 1119 3156 unius
1147 3111 1242 3155 voca·

270 3176 338 3242 buli
371 3198 468 3260 causa
500 3178 671 3242 videamur
703 3176 871 3241 ecclesiam
905 3176 1054 3252 turbare,
1087 3189 1242 3257 putamus

269 3265 349 3328 ferri
369 3283 463 3346 posse
481 3263 569 3328 illius
591 3283 697 3340 usum,
714 3260 810 3327 modo
827 3263 999 3343 perspicua
1016 3262 1242 3342 interpretatio

271 3349 450 3427 adiiciatur,
473 3347 506 3412 id
529 3359 587 3422 est,
610 3345 768 3412 eiusmodi
791 3355 829 3411 ut
849 3348 1013 3411 humanae
1035 3346 1159 3411 Christi
1182 3368 1241 3411 na·

271 3448 365 3500 turae
387 3455 452 3498 non
474 3434 674 3498 adversetur.

354 3520 451 3584 Hanc
469 3527 576 3583 autem
598 3520 898 3600 interpretationem
915 3518 1124 3599 requirimus:
1145 3516 1241 3582 datur

269 3605 364 3669 nobis
375 3604 527 3670 Christus
548 3603 806 3669 substantialiter
827 3603 861 3666 in
884 3623 1003 3668 coenae
1026 3611 1245 3681 sacramento,-

269 3689 384 3764 idest,
406 3711 471 3753 non
493 3702 622 3754 tantum
644 3689 770 3754 fructus
788 3689 946 3770 passionis
968 3709 1005 3754 ac
1027 3690 1142 3753 mortis
1172 3689 1239 3753 Do·

268 3777 351 3840 mini
372 3775 466 3839 nobis
496 3775 592 3838 datur
619 3776 654 3838 in
684 3793 793 3851 coena,
822 3773 877 3838 sed
904 3774 1057 3855 inprimis
1082 3775 1153 3856 ipsa
1181 3775 1239 3838 filii

269 3861 412 3926 hominis
432 3861 622 3935 substantia,
652 3860 711 3925 hoc
740 3868 798 3938 cst,
826 3880 943 3923 verum
971 3859 1096 3923 Christi
1124 3880 1240 3941 corpus

270 3962 305 4012 et
325 3968 425 4012 verus
447 3944 574 4012 Christi
594 3945 736 4029 sanguis,
760 3955 797 4008 ut
814 3965 916 4008 unum
937 3965 1012 4008 cum
1030 3966 1068 4010 eo
1086 3947 1187 4009 simus
1208 3952 1240 4009 et

270 4035 318 4097 ita
339 4055 382 4097 ex
404 4053 441 4096 eo
459 4031 650 4095 hauriamus
670 4031 775 4094 vitam
795 4042 970 4095 aeternam.
1005 4031 1123 4095 Dicam
1141 4031 1238 4095 otiam

197 4197 201 4203 .
270 4118 413 4201 planius:
440 4119 524 4181 sicut
541 4118 574 4180 in
593 4131 730 4180 externa
746 4136 865 4181 coenae
877 4116 1012 4181 Domini
1030 4118 1157 4181 actione
1174 4137 1240 4181 non

271 4212 398 4268 tantum
422 4203 619 4285 percipimus
647 4203 713 4266 vim
737 4200 902 4265 nutriendi
929 4202 991 4266 hoc
1017 4221 1133 4284 corpus
1158 4222 1240 4283 quae

1019 255 1279 323 EPIS'PODAE
1300 257 1512 320 acca-2630

2200 254 2259 315 480

1294 445 1335 510 ad
1347 443 1516 527 Ephesios,
1535 444 1592 508 ubi
1613 450 1779 527 comparat
1796 464 1870 510 cum
1887 444 2096 509 matrimonio
2119 448 2261 507 nostram

1294 551 1369 596 cum
1392 530 1524 596 Christo
1546 530 1761 594 arctissimam
1783 531 2051 607 coniunctionem,
2074 529 2152 612 quia
2169 527 2262 592 nimi-

1294 637 1368 680 rum
1391 615 1474 680 siout
1495 618 1529 678 in
1552 615 1701 698 coniugio
1727 611 1880 679 di'cuutur
1897 615 1962 679 duo
1988 634 2058 680 esse
2083 634 2152 679 una
2177 633 2260 690 caro,

1294 701 1341 766 sic
1358 701 1457 764 etiam
1480 700 1591 765 fideles
1612 709 1690 765 sunt
1712 721 1811 764 unum
1830 721 1905 765 cum
1917 700 2059 775 Christo,
2082 699 2177 765 ouius
2192 699 2262 762 uni·

1293 787 1371 852 tatis
1392 807 1508 851 verum
1530 794 1564 850 et
1584 786 1699 849 efficax
1722 785 1840 869 pignus
1862 795 1911 851 est
1931 806 2033 851 coena
2053 784 2198 849 Domini.

1380 870 1539 953 Denique,
1561 879 1600 935 ut
1621 871 1731 953 paucis
1751 871 1928 947 absolvam,
1951 872 1979 935 si
1997 892 2055 954 per
2073 869 2264 935 adverbium

1294 956 1553 1042 substantialiter
1585 957 1788 1039 intelligatur
1819 957 1928 1038 ipsum
1967 955 2140 1021 Christum
2172 955 2264 1020 nobis

1294 1042 1374 1118 dari,
1397 1064 1462 1106 non
1484 1051 1592 1111 autern
1616 1043 1719 1124 ipsius
1736 1043 1886 1124 spiritum
1905 1041 2065 1106 duntaxat
2087 1052 2146 1105 aut
2162 1042 2264 1124 ipsius

1294 1129 1387 1203 bona,
1411 1138 1563 1210 putamus
1586 1128 1723 1191 tolerari.
1758 1127 1820 1192 Sin
1842 1136 1951 1191 autem
1969 1127 2086 1209 aliquis
2104 1127 2264 1275 interpre-

1296 1223 1392 1290 tetur,
1415 1212 1476 1277 hoc
1498 1212 1684 1278 adverbium
1707 1234 1773 1276 non
1799 1213 1839 1276 de
1860 1233 1896 1276 re
1922 1212 2120 1277 sacramenti
2147 1232 2183 1275 se
2228 1210 2265 1275 de

1295 1298 1391 1362 modo
1412 1319 1474 1381 quo
1497 1320 1549 1363 res
1566 1300 1761 1362 sacramenti
1783 1299 1876 1363 nobis
1898 1298 2003 1375 datur,
2026 1300 2074 1362 ita
2091 1298 2215 1363 scilicet
2232 1305 2266 1360 ut

1296 1385 1497 1467 significetur
1518 1384 1623 1465 ipsam
1645 1382 1860 1448 substantiam
1872 1383 1998 1448 Christi
2017 1404 2094 1448 vere
2116 1382 2266 1447 manibus

1295 1471 1386 1553 tangi
1408 1478 1442 1533 et
1468 1468 1619 1533 dentibus
1644 1471 1749 1545 atteri,
1779 1472 1856 1552 quia
1878 1469 2028 1550 quamvis
2055 1467 2265 1533 invisibiliter

1296 1563 1405 1620 tamen
1429 1554 1514 1620 adsit
1537 1557 1621 1619 sicut
1639 1576 1737 1637 quum
1756 1556 1790 1619 in
1809 1556 1905 1619 terris
1923 1555 2127 1631 versabatur,
2140 1562 2265 1618 certum

1295 1653 1345 1706 est
1368 1662 1425 1704 nos
1451 1661 1619 1723 nunquam
1645 1640 1704 1703 hoc
1726 1640 1915 1705 adverbium
1944 1639 2153 1719 admissuros,
2181 1640 2264 1721 qnia,

1295 1727 1323 1790 si
1346 1725 1407 1789 hoc
1428 1747 1544 1790 verum
1571 1735 1635 1801 est,
1663 1727 1870 1806 consequitur
1887 1746 2058 1808 nunquam
2080 1725 2182 1789 fuisse
2211 1733 2265 1787 aut

1295 1820 1382 1877 certe
1400 1831 1487 1875 nunc
1504 1832 1572 1876 non
1590 1831 1660 1876 esse
1676 1832 1793 1875 verum
1805 1810 1927 1875 Christi
1945 1830 2062 1892 corpus
2072 1810 2263 1887 humanum,

1296 1906 1405 1980 utpote
1434 1897 1519 1977 quod
1542 1900 1589 1959 ita
1610 1907 1776 1961 statuatur
1800 1917 1870 1961 esse
1895 1898 2070 1971 infinitum,
2100 1895 2264 1960 invisibile

1295 1991 1329 2046 et
1361 2003 1426 2046 non
1459 1983 1751 2064 circumscriptum,
1784 1992 1821 2047 ut
1852 2002 1917 2045 non
1950 1991 2017 2044 tam
2051 1979 2123 2046 Deo
2154 1980 2263 2046 unitus

1296 2067 1411 2146 homo,
1440 2066 1554 2131 sedin
1577 2068 1683 2131 Deum
1707 2076 1852 2132 mutatus
1875 2067 1969 2132 homo
1991 2065 2150 2131 videatur.
2197 2066 2263 2131 Hoc

1295 2161 1402 2216 autem
1426 2154 1482 2234 qui
1504 2154 1597 2233 ponit
1617 2153 1711 2217 nobis
1733 2162 1820 2218 certe
1841 2152 1972 2219 videtur
1990 2173 2048 2234 per
2066 2171 2262 2234 consequen·

1295 2240 1374 2302 tiam
1412 2238 1581 2302 Christum
1615 2238 1742 2316 tollere,
1777 2239 1833 2319 qui
1865 2239 1929 2301 nisi
1960 2238 2059 2301 fuerit
2093 2246 2127 2302 et
2159 2238 2203 2303 sit
2231 2239 2263 2300 in

1295 2334 1466 2387 aeternum
1488 2344 1587 2388 verus
1610 2323 1720 2402 homo,
1746 2325 1870 2398 finitus,
1900 2323 2036 2388 visibilis
2065 2333 2099 2388 et
2127 2324 2261 2388 circum·

1295 2411 1445 2491 scriptus,
1468 2409 1565 2490 periit
1587 2430 1660 2491 spes
1682 2417 1803 2473 nostra.

1379 2494 1488 2559 Huius
1509 2514 1607 2576 porro
1628 2504 1758 2559 nostrae
1781 2516 1855 2559 cum
1875 2493 2006 2559 Christo
2026 2494 2270 2558 coniunctionis·

1295 2601 1332 2646 ac
1354 2580 1488 2661 copulae
1517 2580 1772 2644 instrumentum
1802 2602 1871 2644 esse
1899 2578 2037 2644 dicimus
2065 2579 2176 2655 fidem,
2204 2600 2261 2661 qua

1293 2687 1362 2729 una
1382 2665 1506 2747 percipi
1523 2673 1631 2747 potest
1652 2665 1779 2731 oblatus
1801 2665 1961 2731 Christus.
2008 2665 2191 2729 Vinculum
2210 2686 2261 2728 au·

1294 2759 1361 2814 tem
1379 2762 1429 2814 est
1450 2752 1585 2832 spiritus
1607 2759 1754 2829 sanctus,
1774 2751 1858 2834 quod
1880 2751 1959 2816 facit
1981 2752 2093 2833 utqui
2112 2752 2147 2814 in
2169 2751 2261 2816 coelis

1294 2845 1344 2901 est
1366 2835 1460 2901 nobis
1482 2838 1592 2918 quiin
1616 2837 1712 2903 terris
1738 2858 1852 2901 sumus
1882 2858 1948 2900 non
1971 2836 2081 2900 minus
2112 2847 2202 2901 certo
2228 2857 2260 2901 ac

1294 2942 1372 2986 vere
1398 2922 1533 2986 uniatur
1554 2943 1652 3004 quam
1680 2924 1773 3004 panis
1796 2936 1829 2987 et
1850 2924 1964 2986 vinum
1988 2943 2007 2985 a
2029 2922 2124 2986 nobis
2157 2922 2261 2987 visibi-

1293 3008 1369 3072 liter
1390 3015 1424 3070 et
1445 3007 1642 3072 sensibiliter
1664 3008 1851 3091 percipitur.
1881 3006 2120 3089 Sedquomodo
2139 3007 2173 3071 id
2191 3017 2260 3091 agat

1294 3093 1428 3176 spiritus
1450 3103 1582 3158 sanctus
1609 3101 1642 3155 et
1666 3091 1826 3175 quomodo
1847 3092 1927 3157 fides
1955 3093 2172 3158 sacramentis
2195 3105 2260 3157 tau·

1294 3199 1394 3262 quam
1415 3177 1510 3266 scalis
1532 3177 1643 3242 adiuta
1654 3180 1757 3260 possit
1773 3179 1810 3241 in
1827 3178 1952 3243 coelum
1970 3199 2072 3260 usque
2091 3179 2260 3244 ascendere

1294 3274 1328 3328 et
1339 3263 1472 3327 Christo
1493 3284 1570 3328 vere
1588 3283 1647 3328 nos
1661 3265 1877 3346 incorporare,
1897 3264 1957 3329 hoc
1974 3284 2052 3328 vero
2070 3265 2260 3347 mysterium

1294 3349 1431 3414 dicimus
1463 3369 1534 3413 esse
1566 3348 1899 3431 incomprehensibile,
1933 3359 1966 3413 et
1998 3350 2164 3414 curiosam
2196 3370 2260 3415 ease

1293 3433 1378 3499 hanc
1406 3435 1724 3518 pervestigatiouem,
1755 3456 1820 3497 non
1852 3436 1964 3499 minus
1993 3454 2091 3517 quam
2124 3437 2154 3500 si
2184 3437 2260 3518 quis,

1293 3539 1360 3583 non
1382 3530 1555 3585 contentus
1585 3520 1716 3585 credere
1749 3541 1880 3585 carnem
1914 3520 2040 3585 Christi
2075 3532 2259 3605 conceptam

1292 3627 1362 3670 esso
1383 3605 1418 3668 in
1443 3605 1570 3688 virgine
1590 3627 1631 3670 ex
1654 3607 1772 3687 spiritu
1794 3617 1919 3682 sancto,
1944 3606 2043 3671 vellet
2067 3608 2167 3671 etiam
2190 3627 2258 3688 per-

1292 3694 1454 3773 vestigare
1475 3690 1633 3771 quomodo
1651 3693 1785 3772 spiritus
1803 3701 1934 3756 sanctus
1953 3689 2014 3755 hoc
2030 3690 2156 3759 fecerit.
2185 3692 2259 3756 Ideo

1292 3777 1416 3839 utimur
1444 3775 1596 3840 adverbio
1624 3778 1843 3858 spiritualiter,
1866 3798 1932 3840 non
1962 3778 2054 3857 quasi
2084 3780 2258 3842 sentiamus

1292 3861 1397 3925 solum
1414 3861 1564 3942 spiritum
1576 3861 1700 3927 Christi
1722 3863 1815 3927 nobis
1832 3862 1913 3940 dari,
1925 3862 1981 3926 sed
1998 3871 2037 3926 ut
2055 3862 2259 3928 ostendamus

1292 3947 1361 4012 sola
1383 3947 1519 4029 spiritus
1547 3942 1650 4012 sancti
1672 3949 1792 4011 virtute
1814 3949 1885 4012 fieri
1907 3959 1944 4012 ut
1974 3947 2100 4013 Christi
2131 3969 2258 4015 carnem

1292 4033 1528 4115 etsanguinem
1542 4032 1634 4096 nobis
1651 4034 1685 4096 in
1703 4055 1803 4098 coena
1822 4034 1963 4106 oblatam
1975 4044 2009 4098 et
2026 4034 2259 4100 clementorum

1292 4116 1447 4202 symbolis
1480 4117 1655 4182 efficaciter
1686 4128 1963 4201 repraesentatam
1996 4121 2169 4186 verissime
2205 4142 2258 4205 per

1293 4201 1389 4269 fidem
1410 4202 1634 4285 percipiamus.
1678 4202 1774 4269 Dixit
1794 4205 1882 4269 enim
1911 4205 2089 4270 Dominus:
2119 4207 2192 4272 Hoc
2213 4214 2259 4272 est

271 4300 321 4355 est
337 4290 373 4353 in
394 4308 477 4370 pane
499 4288 587 4351 etin
610 4288 697 4365 vino,
720 4286 776 4352 sed
798 4288 905 4369 ipsum
924 4307 1043 4370 panem
1061 4286 1186 4352 edimus
1208 4297 1240 4352 et
1271 4280 1409 4370 'corpus
1431 4309 1548 4367 meum,
1572 4287 1632 4354 hoc
1654 4300 1705 4354 est
1727 4293 1860 4375 sanguis
1882 4311 1984 4355 meus.
2034 4289 2135 4356 Dixit
2164 4292 2258 4357 etiam

270 4376 380 4457 ipsum
403 4374 517 4438 vinum
540 4372 696 4449 bibimus,
725 4383 764 4436 ut
790 4393 921 4436 succum
944 4371 1020 4436 inde
1050 4373 1240 4438 hauriamus
1292 4373 1466 4457 apostolus,
1490 4368 1619 4439 Panis*
1646 4396 1743 4457 quem
1771 4377 1953 4460 frangimus
1982 4397 2053 4442 esse
2081 4380 2257 4443 communi·

270 4461 326 4542 qui
360 4468 506 4523 nostram
538 4458 622 4523 hanc
655 4459 758 4523 vitam
792 4467 962 4535 sustentet,
995 4458 1057 4537 sic,
1090 4460 1239 4540 quamvis
1291 4459 1455 4525 cationem
1475 4461 1617 4541 corporis
1638 4460 1774 4526 Domini
1796 4473 1829 4526 ct
1850 4461 2001 4545 poculum
2024 4464 2076 4527 cui
2098 4463 2258 4530 benedici-

270 4566 336 4609 non
358 4543 472 4608 eodem
493 4541 588 4608 modo
609 4554 720 4607 tamen
739 4564 805 4607 non
827 4543 936 4608 minus
959 4564 1045 4619 vere,
1068 4543 1165 4608 datur
1181 4565 1239 4608 no·
1290 4567 1365 4609 mus
1383 4565 1453 4609 esse
1474 4548 1800 4611 communicationem
1823 4549 1991 4631 sanguinis
2015 4549 2167 4615 Domini:
2191 4553 2258 4633 qui-

270 4630 321 4694 bis
342 4630 376 4694 in
398 4650 498 4694 coena
519 4630 590 4710 ipsa
618 4628 744 4695 Christi
764 4649 840 4694 caro
864 4637 897 4694 et
918 4629 988 4712 ipse
1017 4627 1144 4693 Christi
1164 4651 1238 4694 san·
1291 4630 1352 4695 bus
1373 4631 1481 4695 verbis
1500 4633 1696 4696 assentimur
1718 4633 1915 4716 simpliciter,
1938 4655 1999 4698 nec
2021 4632 2061 4699 de
2079 4635 2178 4702 modo
2197 4657 2260 4701 am·

271 4716 354 4800 guis,
384 4722 421 4778 ut
452 4712 585 4779 Christo
618 4735 694 4779 vere
722 4714 805 4779 uniti
838 4715 940 4779 simus
972 4716 1117 4779 omnium
1139 4715 1240 4796 ipsius
1291 4716 1376 4798 plius
1398 4716 1618 4797 quaerendum
1640 4727 1802 4801 putamus.

270 4801 432 4866 bonorum
450 4809 483 4863 et
501 4799 589 4864 vitae
611 4810 763 4865 aeternae
784 4801 820 4864 in
843 4800 913 4881 ipso
935 4801 1118 4882 participes.
1153 4800 1240 4866 Nam
1377 4801 1510 4867 Utinam
1533 4824 1611 4868 vero
1629 4825 1687 4886 pro
1704 4803 1857 4869 adverbio
1875 4807 2136 4874 substantialiter
2154 4812 2260 4894 potius

272 4907 338 4960 non
360 4906 533 4966 possumus
555 4885 680 4967 placere
702 4887 787 4967 patri
809 4885 872 4949 nisi
897 4887 932 4949 in
954 4886 1036 4964 filio,
1059 4895 1092 4949 et
1113 4907 1183 4951 esse
1205 4888 1241 4950 in
1292 4897 1505 4969 usurparetur
1527 4888 1606 4952 haec
1627 4891 1782 4954 formula:
1812 4890 1914 4956 Nobis
1935 4893 1970 4955 in
2000 4913 2102 4959 coena
2129 4895 2261 4962 Domini

272 4971 339 5036 filio
361 4972 389 5035 is
407 4970 540 5035 demum
552 4970 670 5035 dicitur
688 4972 742 5053 qui
761 4970 827 5034 filio
844 4971 891 5033 ita
913 4979 963 5034 est
984 4973 1094 5036 unitus
1117 4982 1151 5035 ot
1167 4993 1241 5037 con·
1292 4994 1357 5037 non
1376 4983 1504 5037 tantum
1518 4972 1640 5039 Christi
1664 4975 1747 5039 bona
1768 4975 1825 5040 sed
1845 4977 1950 5058 ipsam
1973 4979 2124 5060 inprimis
2137 4982 2261 5048 Christi

271 5057 401 5121 iunctus
423 5065 460 5121 ut
476 5077 578 5120 unum
601 5057 645 5120 sit
664 5076 738 5121 cum
756 5077 802 5134 eo,
822 5055 907 5120 sicut
923 5055 1068 5142 loquitur
1078 5058 1241 5123 Dominus
1292 5081 1425 5125 carnem
1446 5081 1504 5141 pro
1526 5061 1620 5125 nohis
1644 5082 1772 5143 passam
1790 5072 1823 5126 et
1844 5063 1951 5144 ipsum
1980 5067 2178 5148 sanguinem
2205 5090 2261 5152 pro

273 5142 361 5223 apud
389 5143 545 5206 Ioannem
567 5151 600 5208 et
630 5141 793 5224 apostolus
816 5151 886 5206 tum
915 5142 957 5207 ad
982 5142 1147 5208 Romanos
1171 5156 1240 5208 tum
1293 5146 1386 5211 nobis
1409 5147 1516 5210 fusum
1538 5145 1715 5228 perfidem
1738 5148 2009 5215 communicanda
2030 5153 2145 5218 offerri
2167 5157 2262 5239 spiri·
