4754 5880
1012 248 1092 310 icco
1112 190 1254 313 uana.
1652 249 1655 255 ’
1941 226 1945 237 ’
2083 265 2126 326 aa
2219 320 2226 335 .

569 427 667 500 allo.

359 577 649 646 HO'POMANUS
673 580 886 649 canuno.

1152 431 1349 514 Dwenarn,
1377 434 1411 501 in
1440 457 1504 518 quo
1528 457 1594 501 non
1616 436 1711 504 modo
1733 440 1828 524 fingit
1844 441 1918 507 illos
1935 444 1987 508 sui
2009 444 2121 512 defen·

1150 519 1277 585 monem
1305 521 1486 603 amcapisse
1514 521 1570 588 sed
1599 523 1696 587 etiam
1726 528 1931 595 contumeliis
1954 538 1988 594 et
2009 532 2124 598 convi-

1151 605 1210 670 ciis
1232 604 1442 672 Hctcmunnm
1464 607 1621 673 infestari.
1633 606 1659 692 ⁶)
1692 610 1836 677 Tametsi
1858 612 2006 680 futurum
2024 637 2120 700 spero

1150 698 1190 755 ut
1215 691 1297 755 tales
1329 690 1406 756 alibi
1439 712 1536 775 quam
1564 694 1774 792 Argentinae
1798 718 1952 779 quaerere
1974 716 2120 785 cogatur.

1151 775 1183 840 N
1185 797 1249 841 unc
1266 783 1375 842 autem
1396 778 1586 861 priusquam
1607 777 1688 843 liber
1711 781 2122 862 edereturFranofordiam

1152 882 1188 926 se
1209 859 1293 925 dixit
1314 863 1370 940 irs,
1394 870 1427 926 et
1448 862 1653 946 Boieqainam
1674 886 1771 931 suum
1793 869 1847 949 qui
1866 881 1977 952 postea
1998 870 2121 939 librum

1152 954 1323 1030 spargeret
1354 947 1495 1030 reliquit.
1544 949 1675 1014 Interea
1708 952 1749 1015 ab
1780 952 1836 1018 illo
1865 955 1942 1036 quid
1975 955 2014 1021 de
2036 957 2120 1025 libro

1153 1030 1280 1096 dicatur
1298 1030 1532 1112 admonebitur,
1555 1044 1588 1098 et
1609 1036 1636 1099 si
1659 1035 1721 1101 sibi
1738 1038 1941 1106 commodum
1959 1042 2023 1106 erit
2039 1043 2121 1109 Hei·

1152 1115 1325 1201 delbergae
1351 1120 1506 1185 manebit
1516 1123 1544 1196 ⁷)
1593 1119 1675 1185 Inde
1701 1132 1830 1187 centum
1862 1125 1993 1192 tallcros
2014 1150 2121 1212 nuper

1152 1224 1253 1286 quum
1272 1202 1425 1286 stipendii
1447 1204 1500 1269 aui
1523 1225 1620 1272 causa
1637 1207 1820 1289 recepisset,
1843 1210 2063 1295 interrogatus
2080 1212 2121 1279 ab

1152 1288 1255 1353 amico
1289 1297 1344 1354 tuo
1353 1290 1382 1365 8)
1415 1288 1493 1371 quid
1525 1288 1585 1356 eibi
1618 1289 1679 1356 hoe
1713 1292 1809 1359 vellet
1831 1296 2005 1378 respondit,
2029 1319 2065 1364 se
2086 1300 2120 1365 id

918 1432 921 1439 .
1152 1374 1314 1457 accepisse
1342 1396 1401 1457 pro
1428 1374 1511 1440 libro
1534 1397 1633 1458 quem
1652 1377 1755 1442 tribus
1777 1390 1849 1461 post
1864 1383 2037 1449 mensibus
2059 1385 2121 1450 im·

827 1438 1013 1506 afflinem·
1150 1480 1300 1541 pressum
1327 1460 1468 1544 principi
1494 1461 1711 1544 inscripturus
1741 1474 1819 1529 erat.
1871 1467 1924 1532 llx
1954 1488 2017 1549 quo
2035 1470 2121 1535 risus

1151 1544 1239 1626 apud
1267 1567 1379 1611 omnes
1410 1546 1467 1628 qui
1484 1546 1711 1613 liberalitatem
1734 1550 1917 1633 principum
1937 1562 2121 1637 cognorunt

419 1607 475 1671 Fr·
499 1606 704 1674 Hotomanus
723 1606 757 1674 S·
777 1609 818 1675 D·
1150 1639 1201 1694 est
1218 1640 1406 1697 commotus.
1440 1630 1565 1696 Verum
1590 1642 1662 1696 utut
1683 1633 1832 1700 facturus
1853 1639 1897 1702 sit
1917 1659 2035 1722 anceps
2052 1662 2119 1705 ma·

216 1741 373 1806 Redditus
405 1742 462 1807 tibi
492 1764 586 1827 spero
620 1745 719 1809 fuisse
759 1765 851 1810 mm
878 1745 990 1812 litem
1004 1753 1028 1822 l)
1057 1769 1098 1813 ΒΧ
1150 1716 1306 1798 gistratus
1326 1718 1396 1782 sire
1418 1715 1683 1816 scholarcharum
1707 1721 1868 1820 cogitatio,
1885 1723 1911 1805 ο)
1934 1733 2046 1789 utrum
2063 1725 2120 1790 ille

152 1827 250 1892 uibus
282 1836 353 1892 tum
383 1829 559 1893 pomerani
587 1827 800 1896 adolescentis
822 1840 856 1894 et
876 1853 983 1897 meam
1005 1842 1039 1897 et
1055 1832 1098 1898 D·
1150 1821 1324 1867 mansurus
1347 1823 1389 1867 an
1402 1802 1601 1869 discessurus
1623 1813 1717 1881 esset,
1741 1819 1965 1875 etamieorum
1987 1822 2119 1874 tuorum

168 1915 269 1979 annii
280 1912 579 1993 sollicitudinem,2)
598 1926 666 1978 tum
679 1916 889 1981 ecclesiarum
913 1927 1099 1984 nostrarum
1151 1892 1184 1951 et
1206 1885 1360 1965 &eidam
1389 1887 1530 1971 itemque
1552 1890 1709 1954 ⁰⁰mit¹¹m
1739 1899 1772 1955 ⁰t
1791 1891 1930 1958 alimum
1952 1894 2119 1960 ⁸⁰h⁰l³⁸ti'

129 2008 250 2064 statum
285 1998 468 2084 intelligere
496 2001 641 2083 potuisti.
682 2001 735 2065 Ex
765 2023 803 2066 co
821 2014 966 2086 tempore
987 2004 1099 2071 literas
1150 1975 1590 2073 ⁰9ri¹m.³⁰p¹'²⁰¹⁶f⁰³.i⁰ri⁵
1605 1975 1837 2074 ⁰⁰⁰⁸¹¹lt⁰f⁰mi
1861 1981 1924 2077 qni,
1939 1979 2118 2079 PthUilffi

129 2106 148 2149 a
180 2090 322 2162 matres)
344 2095 378 2150 et
399 2086 524 2168 aliquot
562 2096 633 2150 tum
665 2088 812 2169 „ognaffis
843 2098 915 2152 tum
946 2089 1098 2156 affinibus
1150 2065 1290 2123 civitatis
1313 2068 1383 2123 tum
1406 2081 1592 2142 principum
1613 2058 1762 2126 advocati
1784 2075 1815 2125 et
1837 2065 2013 2130 consiliaru
2030 2078 2118 2139 sunt.

219 747 322 813 Plura
355 750 451 814 uadit
475 752 578 834 macic
609 753 652 816 cd
684 752 819 819 aliorum
850 774 901 821 rea
921 756 1100 837 emamus,

130 838 166 898 nt
200 831 304 913 aaa,
331 833 498 912 Buldains',
532 836 632 918 Rusti
662 843 691 903 el
712 858 790 904 snas
806 841 920 921 maias,
943 861 1038 923 qaam
1059 843 1101 907 cd

134 917 310 1000 Caluinam,
328 920 419 985 enias
441 927 544 987 tamen
566 922 644 987 liber
664 928 769 989 centra
798 924 1011 1006 Westpliclam
1032 927 1101 992 lca·

130 1004 228 1071 datar
249 1010 276 1069 et
296 1008 483 1089 macarium
505 1009 685 1073 entonam
701 1011 913 1091 mammaea.

286 1177 340 1240 (llx
359 1179 528 1248 autogrwho
546 1178 609 1232 sod.
630 1178 731 1232 Gener.
752 1178 809 1245 114,
826 1181 872 1237 lcl.
889 1180 947 1247 24.)

217 1352 248 1412 A
270 1349 506 1433 Monseigneur
525 1350 647 1415 Moriar.
663 1350 782 1416 Oalvin

128 2172 246 2252 mepi,
265 2172 320 2236 sed
344 2194 363 2235 a
385 2170 510 2237 duobus
531 2171 688 2237 fratribus
710 2174 860 2255 inprimis
880 2177 937 2256 qui
959 2174 1022 2241 Dei
1043 2178 1098 2242 be,
1149 2143 1399 2225 postulationem
1420 2165 1478 2227 pro
1495 2166 1548 2209 me
1565 2165 1660 2228 saepe
1678 2147 1902 2228 interpositam
1925 2148 2115 2217 retardavit.

128 2258 243 2320 nelioio
271 2267 304 2321 et
336 2257 474 2322 assiduis
506 2258 588 2322 meis
626 2256 730 2323 literis
761 2259 803 2323 ad
835 2262 966 2343 pietatis
1001 2282 1099 2328 verae

126 2343 345 2425 cognitionem
364 2342 495 2407 adducti
513 2354 598 2409 suut.
610 2348 638 2417 ⁴)
669 2344 927 2426 Responsionem
945 2354 1034 2411 tuam
1056 2346 1098 2413 ad

133 2427 334 2509 Vespbullam
346 2430 529 2512 complures
542 2429 594 2493 liic
605 2450 727 2511 magna
741 2452 815 2496 cum
826 2431 994 2514 voluptate
1011 2433 1097 2516 lege·

127 2529 213 2577 runt.
256 2514 337 2578 Heri
359 2516 495 2579 alteram
519 2516 596 2580 aD.
610 2514 795 2598 Ballinpero
817 2520 934 2600 accepi,
958 2518 1013 2600 qui
1030 2519 1097 2584 tale

126 2597 280 2680 quiddam
309 2621 328 2663 a
355 2623 407 2663 me
429 2620 554 2682 quoque
573 2601 730 2683 scriptum
751 2604 944 2683 postulabat,
968 2605 1097 2669 tametsi
1150 2656 1156 2669 .

126 2684 249 2749 Hatera.
280 2706 399 2750 nomen
428 2685 534 2751 celare
561 2696 733 2750 contentus
755 2698 835 2752 erat.
882 2689 1005 2754 Verum
1037 2712 1096 2773 ego

125 2771 170 2834 ita
191 2793 281 2836 nunc
304 2771 510 2836 alienissimis
534 2771 797 2853 occupationibus
819 2774 946 2851 obruor,
970 2786 1007 2839 iit
1028 2798 1094 2839 non

125 2856 220 2919 modo
233 2857 399 2940 negotium
421 2857 501 2921 illud
522 2856 607 2939 quod
619 2879 773 2941 arrogare
790 2860 871 2923 inibi
894 2882 960 2923 non
980 2862 1094 2938 ausim,

127 2962 240 3005 verum
258 2964 300 3006 ne
322 2943 574 3024 triplicationem
598 2944 727 3025 quidem
752 2944 907 3009 adversus
932 2946 1094 3027 Rnffam⁵)

125 3029 288 3110 suscipere
311 3030 440 3110 possim,
463 3047 558 3110 atque
571 3040 605 3091 nt
618 3029 801 3095 Bcldninas
823 3052 882 3114 pro
898 3054 957 3096 sua
980 3032 1094 3097 huma·

125 3113 228 3178 nitate
257 3137 308 3178 me
343 3116 483 3198 negotiis
512 3115 694 3179 cumularet
716 3128 748 3179 et
768 3116 926 3182 molestiis
944 3118 1044 3181 animi
1067 3118 1095 3182 si

125 3210 234 3279 posset
256 3201 437 3277 conficeret,
460 3202 593 3284 insuper
616 3200 752 3265 librum:
769 3201 966 3267 Ulnistianas
990 3203 1094 3269 Iuris-

126 3287 282 3350 consultus
310 3286 504 3368 inseriptum
534 3286 664 3350 nominc
695 3288 915 3371 promulgavit
937 3289 1095 3354 adversus

124 3574 214 3629 acis.
226 3576 255 3642 i)
272 3575 434 3643 deperditas.

224 3645 254 3711 2)
268 3644 387 3708 fortasse
402 3650 514 3711 propter
535 3645 702 3698 Gemonias
720 3644 814 3698 turbae
832 3646 984 3698 animam.

224 3712 253 3780 3)
273 3712 391 3776 Patren,
411 3715 556 3778 ferventem
578 3714 777 3777 pontificiorum
796 3728 936 3767 sacrorum
954 3715 1092 3783 aesoekna

123 3782 177 3834 scm
195 3788 330 3835 umnam
348 3783 435 3842 fnisse
452 3781 516 3834 binc
538 3783 689 3847 contereris,
711 3783 750 3833 ita
768 3788 799 3835 at
816 3780 985 3837 Franciscas
1001 3791 1093 3837 ricsoer

123 3865 181 3903 esni
206 3851 316 3915 familia
343 3853 373 3901 in
397 3852 518 3917 qratiam
542 3850 661 3904 redierit.
697 3850 786 3902 Mater
809 3851 850 3903 illi
867 3851 962 3904 Paulla
979 3852 1093 3905 Vadasti

123 3919 178 3971 iilis
195 3937 228 3972 ex
245 3920 409 3971 Marleorum
427 3921 538 3987 antiqua
556 3926 583 3971 et
602 3920 685 3971 nobili
703 3919 805 3971 familia
822 3937 890 3987 quae
909 3921 1091 3974 exPicardise

123 3988 262 4055 provincis
286 3988 399 4040 oriunda
423 4005 475 4040 non
500 3988 594 4056 procul
616 4005 632 4038 n
651 3987 760 4040 Lutetia
777 3986 947 4056 vangionum
969 3999 997 4042 et
1015 3991 1091 4043 Fals-

123 4057 188 4110 sism
206 4056 325 4110 dominic
343 4061 426 4108 tenet.
462 4055 591 4121 (Doacbii
607 4057 663 4109 cita
682 4056 853 4121 Halonesi.)

224 4126 254 4191 4)
274 4125 365 4178 &ant
383 4127 408 4177 ei
430 4126 516 4178 decem
540 4128 644 4189 tratres
667 4131 691 4177 et
714 4141 828 4190 sorores,
851 4128 922 4179 inter
939 4143 1005 4195 qnos
1023 4143 1090 4181 ncn-

123 4194 210 4247 nnllcs
232 4200 317 4248 t'iassr
341 4197 389 4260 qiu·
410 4195 548 4262 cranpeli'o
571 4209 667 4246 nomen
691 4193 814 4248 dederint
831 4211 863 4248 ea
881 4195 930 4250 boc
953 4197 1010 4249 solo
1032 4198 1090 4250 loeo

123 4263 211 4331 codici
224 4269 322 4331 potest,
341 4280 439 4331 qnippe
456 4264 529 4330 qaod
546 4264 800 4333 unanimemoriae
815 4263 955 4332 proditam
972 4280 1028 4319 non
1046 4266 1088 4318 sit.

123 4330 252 4400 Hancine
269 4330 375 4400 quidun
395 4331 424 4383 V.
436 4329 487 4385 526
504 4348 534 4385 ec
552 4348 661 4385 nomine
676 4347 761 4384 anam
779 4339 883 4387 tantam
901 4333 1089 4387 conseminans

124 4399 255 4454 loannem
272 4407 280 4459 (
300 4399 391 4465 reffier
408 4400 455 4453 des
472 4403 622 4463 nenena)
641 4400 744 4454 undat.

1147 2228 1235 2294 Nam
1261 2228 1346 2312 quod
1368 2229 1409 2295 ad
1438 2252 1490 2294 me
1513 2230 1637 2309 attinet,
1661 2253 1827 2314 nunquam
1850 2255 2047 2319 magnopere
2069 2235 2116 2302 la-

1149 2313 1271 2394 boravi,
1299 2316 1418 2397 partim
1448 2315 1533 2398 quod
1563 2313 1694 2381 aliunde
1716 2318 1797 2381 milii
1818 2320 1949 2384 uberior
1965 2323 2008 2385 sit
2029 2321 2117 2388 fruc·

1148 2408 1213 2476 tus,
1236 2402 1356 2483 partim
1374 2400 1459 2482 quod
1481 2403 1509 2465 si
1531 2412 1669 2466 matrem
1691 2404 1811 2483 possim
1830 2405 1959 2471 allicere
1977 2406 2019 2471 ad
2039 2427 2115 2491 cog·

1148 2485 1307 2551 ultionem
1340 2485 1483 2564 Domini,
1504 2507 1568 2550 non
1591 2485 1646 2551 diu
1669 2487 1722 2553 hic
1744 2489 1825 2552 milii
1849 2491 2116 2557 commorandum

1148 2570 1338 2655 intelligam.
1392 2571 1490 2638 Nunc
1522 2581 1633 2636 autem
1665 2573 1745 2637 mibi
1778 2575 2020 2642 acerbissimum
2054 2578 2115 2642 fuit

1148 2656 1338 2739 intelligere,
1372 2657 1503 2739 Raffam
1532 2664 1565 2720 ct
1588 2657 1666 2722 alios
1688 2659 1910 2725 testimonium
1933 2685 1998 2727 non
2021 2683 2114 2746 apos-

1148 2751 1233 2805 tatae
1261 2742 1429 2806 cuiusdam
1458 2743 1515 2807 sed
1542 2743 1710 2807 christiani
1740 2745 1959 2811 iurisconsulti
1983 2749 2114 2812 nomine

1147 2826 1270 2891 editum
1302 2826 1429 2905 habere,
1458 2826 1543 2892 unde
1565 2846 1598 2891 eo
1619 2829 1706 2892 illius
1729 2829 1828 2894 libelli
1852 2840 1886 2895 ct
1906 2832 2059 2914 Sipaiert'i
2072 2836 2113 2910 ιο)

1147 2913 1427 2978 accusatiunculae
1459 2935 1512 2978 me
1545 2924 1692 2978 autorem
1719 2936 1789 2978 esse
1810 2918 1988 2994 confirmet,
2012 2939 2114 3000 quum

1146 3007 1256 3062 tamen
1277 2999 1348 3081 ipse
1370 2998 1606 3064 modestissime
1627 3000 1662 3063 in
1680 3021 1740 3064 sua
1762 3000 1982 3082 duplicatione
2004 3024 2112 3067 meum

1146 3105 1264 3147 nomeu
1287 3085 1448 3149 tacuisset.
1486 3083 1548 3149 (liii
1571 3085 1654 3148 malo
1677 3106 1739 3167 quo
1762 3087 1865 3168 magis
1888 3088 2038 3153 medendi
2061 3110 2112 3153 ra-

1145 3169 1270 3233 tionem
1289 3190 1418 3252 quaero,
1442 3191 1479 3233 eo
1497 3171 1601 3252 magis
1619 3179 1652 3234 et
1673 3192 1763 3234 meae
1786 3179 1818 3234 et
1840 3173 2018 3238 amicorum
2040 3183 2113 3237 tuo-

1145 3276 1218 3317 rum
1242 3276 1279 3319 ac
1301 3276 1448 3319 meorum
1471 3256 1682 3339 cogitationes
1704 3256 1880 3337 impeditae
1898 3270 1984 3322 sunt.
2021 3258 2113 3323 Voci-

1144 3341 1269 3404 feratur
1286 3361 1337 3404 mc
1356 3362 1472 3404 nomen
1495 3343 1527 3403 in
1551 3360 1648 3405 causa
1669 3341 1836 3423 religionis
1854 3356 2017 3408 mutasse:
2033 3344 2114 3425 Raf-

1143 3425 1212 3507 snm
1237 3424 1446 3508 triumphare,
1481 3427 1542 3490 nisi
1566 3437 1698 3507 paretur
1719 3427 1902 3508 triplicatio.
1945 3427 2052 3509 Quem
2072 3426 2113 3492 ad

1144 3512 1244 3575 finem
1272 3511 1333 3576 hoc
1361 3533 1447 3576 nune
1474 3512 1629 3576 inusitato
1653 3510 1793 3593 quodam
1816 3513 1884 3577 zelo
1906 3513 2110 3596 exquiritur?

1144 3596 1309 3660 Nimirum
1336 3605 1374 3660 ut
1402 3598 1508 3679 effigie
1538 3618 1610 3660 mea
1631 3597 1784 3661 Lutetiae
1812 3599 1978 3663 combusta
2006 3608 2039 3662 et
2064 3598 2111 3662 di·

1144 3682 1247 3764 reptis
1259 3680 1350 3746 bonis
1372 3702 1414 3745 cx
1427 3703 1501 3746 mea
1522 3694 1555 3748 et
1572 3684 1746 3747 liberorum
1758 3704 1905 3747 meorum
1927 3685 2112 3749 calamitate

1144 3768 1346 3850 voluptatem
1368 3768 1484 3849 capiat.

1244 4055 1274 4121 6)
1299 4056 1404 4109 Titulus
1430 4057 1495 4109 libri
1518 4056 1587 4121 fait:
1621 4055 1771 4124 Responsio
1798 4056 2005 4109 christianorum
2031 4058 2109 4111 inris-

1142 4128 1324 4179 consultorum
1342 4125 1377 4177 sd
1395 4125 1423 4176 F.
1442 4125 1560 4178 Dncrcui
1578 4127 1782 4177 commentarios
1800 4125 1834 4177 de
1851 4126 2007 4177 ministeriis
2026 4129 2109 4181 eccle·

1142 4196 1198 4247 siae
1216 4201 1298 4262 atque
1316 4193 1452 4246 benefieiis
1471 4204 1499 4246 et
1516 4194 1582 4246 alias
1600 4194 1656 4246 eius
1674 4194 1890 4247 declamationes.
1916 4197 1979 4262 Arg.
1991 4193 2065 4248 1556.
2084 4196 2107 4249 8.

1143 4263 1256 4317 Libram
1275 4264 1334 4315 nae
1351 4265 1458 4316 nomine
1473 4263 1580 4315 autoris
1597 4263 1697 4315 editam
1719 4269 1814 4329 poena
1831 4277 1908 4313 snam
1927 4278 1984 4316 esse
2000 4268 2110 4332 necant

1142 4331 1308 4385 Baldns‘niea
1356 4330 1398 4396 Of.
1422 4346 1481 4398 epp.
1505 4330 1642 4383 Balduini
1666 4330 1692 4383 d.
1716 4331 1743 4382 d.
1765 4328 1807 4382 24.
1827 4331 1892 4397 Apr.
1917 4337 1942 4383 et
1960 4331 2111 4386 Hotomani'

1140 4400 1166 4453 d.
1186 4400 1213 4454 cl.
1229 4398 1254 4452 4.
1274 4400 1356 4453 Maii.
1391 4398 1473 4454 Nihil
1486 4401 1545 4464 tere
1566 4401 1674 4460 sonant
1691 4402 1728 4451 ad
1745 4414 1802 4452 rem
1819 4400 2020 4466 munandans
2038 4417 2108 4470 qnae

223 4468 253 4535 5)
312 4469 457 4538 tyanaeus
476 4469 569 4535 Rasna
586 4469 726 4536 (Laena)
745 4467 783 4522 D.
801 4469 872 4522 iaris
894 4475 920 4522 et
940 4469 1089 4524 adsumtos
1136 4468 1519 4536 praesentaveram.
1539 4466 1597 4520 164.

123 4538 152 4590 in
169 4537 345 4591 Parlamentc
364 4535 520 4592 Parisiensi
542 4541 688 4607 scripserat
711 4538 744 4590 de
767 4538 899 4606 nuntiate
916 4554 1007 4607 papae
1029 4554 1088 4593 car·

123 4607 255 4660 diocliam
279 4609 464 4674 episcopcrum
482 4613 506 4661 et
528 4610 610 4662 totins
628 4607 704 4675 oleri,
728 4607 790 4660 adn.
809 4607 945 4661 Melinaei
959 4623 1088 4661 commen-

122 4679 221 4730 tarium
244 4680 306 4740 (aar
328 4676 402 4730 l'e'dit
424 4677 470 4730 des
488 4679 584 4744 petitos
607 4676 705 4736 dates).
743 4675 845 4730 Contra
865 4675 969 4741 ltafnin
985 4675 1090 4744 prodiit

122 4742 187 4799 ater
213 4745 314 4813 algais
339 4747 389 4799 rac
416 4745 508 4799 titula:
536 4745 580 4798 Ad
607 4745 639 4797 B.
666 4743 763 4797 Rufum
789 4745 958 4798 defensorem
984 4745 1088 4798 romani

123 4813 255 4880 pontilicis
279 4821 372 4865 contra
390 4813 418 4867 C.
437 4815 612 4875 Molinneum‚
636 4813 669 4865 de
694 4823 765 4868 statu
791 4814 943 4881 primitivae
960 4814 1088 4866 ccclesiae

123 4884 232 4949 eiusque
250 4882 416 4944 sacerdotiis,
433 4884 467 4935 de
476 4883 645 4951 patriarchis,
664 4883 852 4950 metropolitis,
869 4882 1088 4951 archiepiscopis,

123 4952 282 5017 primatibus
300 4956 351 5004 etc.
369 4950 402 5004 de
420 4952 554 5020 pontificia
572 4969 637 5005 rom.
654 4957 789 5019 potestate
807 4959 835 5002 et
852 4951 1037 5019 amplitudine,
1055 4951 1088 5004 de

123 5020 252 5088 religione
280 5021 373 5088 populi
409 5021 512 5074 romani
540 5037 573 5073 ex
604 5020 731 5073 instituto
758 5019 873 5084 Numae,
906 5020 956 5073 aab
982 5021 1089 5072 nomine

125 5087 224 5144 branc.
250 5088 356 5141 Viturii
378 5089 550 5151 (Hotcaianrl
571 5090 720 5155 iinpresens
743 5088 887 5156 Hierapoli
903 5087 1088 5154 (Graecae)u

124 5155 258 5226 crespino.
277 5155 353 5210 1553.
370 5156 394 5209 8.
429 5160 542 5227 Aruerat.
560 5156 638 5214 1555.
654 5157 702 5222 tol.

224 5241 336 5296 Caluini
348 5252 441 5309 opero.
477 5241 537 5297 Vct.
556 5241 587 5296 X
591 5242 641 5298 Vl.

1243 4537 1271 4601 7)
1289 4536 1360 4591 Mor
1378 4537 1484 4606 animm
1501 4536 1712 4603 Arcentoratnm
1730 4533 1819 4599 rediit,
1837 4549 1928 4587 cnam
1942 4537 2030 4603 paulo
2045 4542 2109 4605 post

1140 4606 1343 4675 Heidelberqani
1361 4610 1471 4660 coeam
1487 4621 1517 4658 ec
1535 4606 1671 4658 amarit.

1241 4673 1271 4735 8)
1290 4675 1325 4728 ab
1341 4675 1402 4742 ipso
1416 4679 1486 4740 pata
1504 4673 1665 4728 Hotomano.
1842 4683 1844 4696 ·

1243 4743 1272 4808 9)
1290 4742 1357 4797 Hac
1371 4745 1506 4811 pertinm
1521 4743 1628 4796 eidnar
1648 4743 1828 4807 (rnamentam
1845 4740 1973 4806 mutulae
1992 4741 2108 4798 Stnrrnr'i

1140 4811 1214 4880 qnod
1236 4814 1367 4867 nnumin
1390 4819 1429 4865 est
1447 4811 1534 4879 Ripae
1549 4827 1577 4878 p.
1596 4808 1654 4862 166.
1690 4808 1771 4861 Patet
1788 4809 1883 4861 carias
1900 4811 2034 4864 metisse
2050 4828 2106 4866 rna·

1140 4882 1308 4935 cananense
1329 4883 1400 4934 inter
1422 4880 1607 4933 Hotcmcnarn
1630 4885 1656 4932 et
1677 4875 1857 4936 Baldae'nam,
1884 4883 1909 4934 et
1932 4881 2038 4947 quidese
2062 4883 2106 4936 nic

1140 4951 1312 5004 Hotomanus
1330 4950 1452 5019 intestina
1464 4947 1645 5002 deBaldar'no
1662 4946 1737 5014 loqui
1753 4944 1868 5011 ridetur,
1885 4948 1958 5015 qaod
1974 4950 2055 5003 etiam
2072 4967 2105 5004 en

1142 5017 1258 5073 Starmii
1274 5019 1386 5087 spatula
1405 5017 1488 5086 (Bias
1505 5034 1533 5085 ρ.
1551 5015 1614 5077 164)
1632 5016 1775 5082 redegeris.

1228 5087 1272 5151 10)
1292 5087 1422 5140 Fortasse
1437 5087 1556 5154 loquitar
1572 5086 1605 5138 de
1624 5085 1704 5138 Petro
1723 5081 1841 5150 Segnier,
1862 5084 1989 5150 praeside
2008 5085 2106 5139 Parla-

1140 5158 1224 5209 menti
1238 5156 1406 5210 Parinensis
1423 5157 1471 5223 qai
1485 5153 1659 5224 grandaeuus
1677 5152 1743 5207 obiit
1760 5167 1785 5205 a.
1796 5149 1864 5204 1580
1880 5155 1990 5220 seriptis
2006 5154 2111 5209 claras.

1885 5238 1902 5291 6
