4754 5880
277 320 317 397 19
1023 312 1285 381 EPISTOLAB
1309 316 1520 378 aest-aesc
2225 314 2265 375 20

364 502 400 572 S.
433 505 565 569 Literas
593 516 673 581 tuas,
707 505 752 568 mi
782 501 974 568 suavissime
1002 502 1244 586 plurimumque
1296 523 1370 566 mur
1391 500 1458 567 elta
1480 501 1507 567 si
1528 519 1593 566 nou
1612 499 1751 566 fuissent
1762 507 1901 582 quatuor
1922 511 1979 565 aut
2001 523 2060 566 sex
2068 504 2095 577 ⁸)
2118 498 2160 564 ad
2177 523 2266 566 sum·

277 588 479 657 observande
511 588 689 669 Morpocbi,
719 589 765 653 Μ.
801 589 917 653 Iacobo
954 588 1080 669 Meyero
1107 587 1246 653 traditas
1296 608 1388 652 mum
1415 587 1530 671 quibus
1559 607 1726 668 nunquam
1748 586 1876 668 placere
1897 588 2004 669 potuit
2024 607 2134 652 meum
2152 587 2267 653 minis·

276 676 423 742 nondum
454 675 563 757 accepi
594 711 637 722 -
669 711 709 722 -
741 708 780 720 -
814 711 850 720 -
883 673 1014 738 Interea
1040 695 1120 739 vero
1146 695 1245 758 quum
1296 675 1424 738 terium.
1459 670 1564 755 Spero
1576 679 1684 737 autem
1706 673 1741 735 in
1761 671 1852 738 brevi
1874 672 1973 737 finem
1985 672 2138 737 daturum
2158 671 2268 738 Deum

275 761 499 846 praesentium
526 761 611 825 lator
638 760 679 824 D.
710 760 904 825 Franciscus
927 759 1142 841 qumoninas
1167 759 1247 825 Cor·
1296 759 1386 825 hisce
1423 760 1559 823 nimium
1588 757 1741 822 infaustis
1772 759 2077 824 concertationibus.
2128 760 2266 842 Accepit

277 859 415 932 c'yraeus
441 848 521 911 istao
548 848 611 910 iter
631 845 779 911 facturus
808 854 903 923 osset,
931 866 998 909 non
1028 847 1118 926 potui
1139 844 1246 910 facere
1296 854 1408 911 nostra
1440 844 1550 908 omnia
1578 844 1619 908 D.
1646 842 1860 926 Glaucusque,
1871 846 1901 924 ⁴)
1922 845 1972 909 cui
1995 865 2090 908 omne
2112 844 2268 909 iudicium

277 935 355 1016 quin
377 953 452 995 eum
474 930 735 996 commendarem
752 930 822 1007 tibi,
842 952 903 1011 quo
921 930 1124 996 familiariter
1144 933 1173 994 is
1191 941 1246 995 tuo
1297 931 1517 997 commisimus
1550 928 1635 1012 quod
1668 928 1772 993 indies
1813 941 2049 1011 exspectamus,
2082 952 2268 1014 quanquam

277 1018 436 1099 colloquio
454 1017 528 1093 frui,
551 1016 684 1081 consilio
702 1016 886 1096 auxilioque
907 1016 1016 1079 iuvari
1037 1016 1146 1097 possit.
1177 1016 1247 1079 Vc·
1296 1014 1435 1080 arbitrer
1467 1026 1498 1081 te
1532 1014 1714 1079 inconsulto
1752 1036 1825 1080 eum
1856 1037 1922 1079 non
1965 1017 2268 1098 pronunciatumm.

277 1112 369 1168 catus
399 1110 449 1166 est
478 1103 514 1164 in
536 1102 707 1166 Poloniam
729 1121 748 1164 a
770 1101 965 1166 christianae
986 1100 1152 1183 religionis
1174 1123 1247 1184 pro·
1296 1102 1430 1167 Interea
1455 1122 1550 1184 spero
1577 1100 1759 1183 quieturam
1787 1100 1964 1166 eeclesiam.
2011 1101 2088 1165 Tuis
2117 1101 2231 1178 literis,
2239 1102 2296 1185 ·⁵)'

276 1187 453 1253 fossoribus
476 1198 513 1251 nt
541 1196 619 1270 agat
648 1187 837 1262 antistitem,
860 1187 916 1268 qui
937 1187 1003 1250 iam
1022 1197 1097 1251 ante
1118 1189 1154 1250 iu
1175 1190 1246 1252 An·
1298 1208 1378 1270 quas
1413 1188 1468 1270 qui
1501 1187 1561 1250 has
1594 1186 1653 1250 tibi
1680 1185 1795 1250 reddet
1827 1186 1954 1268 publice
1976 1187 2145 1270 praelegit,
2169 1186 2269 1254 bonos

276 1273 420 1339 tiohristi
448 1293 549 1355 regno
579 1272 717 1355 gradum
745 1292 902 1354 perquam
929 1270 1101 1336 sublimem
1129 1273 1246 1336 tenuit.
1298 1294 1411 1337 omnes
1447 1273 1646 1337 confirmasti
1683 1281 1715 1336 et
1754 1273 1985 1337 susurronibus
2024 1294 2060 1338 os
2092 1274 2266 1339 occlusisti.

280 1359 327 1424 Et
354 1379 538 1440 quanquam
559 1378 659 1439 quum
681 1368 785 1421 aetate
807 1367 840 1421 et
861 1356 1048 1422 valetudiue
1070 1367 1140 1422 tum
1162 1359 1246 1422 iniu·
1299 1357 1373 1438 Quo
1402 1359 1501 1423 etiam
1527 1358 1659 1422 nomine
1688 1357 1748 1422 tibi
1766 1358 1944 1440 plurimum
1967 1379 2080 1424 omnes
2103 1359 2267 1425 debemus.

279 1445 329 1509 ria
361 1451 547 1526 temporum
578 1442 728 1524 impediri
757 1450 882 1526 posset,
918 1443 1019 1507 vincit
1049 1451 1158 1508 tamem
1189 1465 1247 1526 pro
1299 1443 1382 1508 Nam
1414 1445 1475 1508 etsi
1504 1465 1589 1508 unus
1624 1442 1784 1526 quispiam
1812 1445 2031 1527 vertiginosus
2061 1445 2169 1511 nescio
2191 1443 2270 1528 quid

277 1528 412 1593 ardente
443 1528 512 1593 uelo
544 1529 654 1592 omnia
681 1527 850 1604 obstantia,
882 1536 915 1592 et
943 1528 1047 1594 cuivis
1068 1527 1248 1594 discrimini
1299 1551 1398 1594 ausus
1421 1527 1484 1593 tuit
1507 1530 1696 1613 oggannire,
1719 1528 1846 1593 nullum
1867 1538 1978 1595 tamen
1996 1542 2052 1596 aut
2074 1553 2186 1596 rarum
2210 1532 2269 1596 ha-

278 1635 314 1678 ee
343 1612 469 1678 mavult
499 1614 701 1677 committere
730 1633 828 1695 quam
850 1615 1011 1678 vocationi
1039 1624 1170 1680 sanctae
1192 1616 1247 1678 de-
1299 1615 1370 1679 buit
1397 1616 1541 1697 reliquae
1570 1613 1723 1679 ecclesiae
1745 1636 1922 1695 assensum,
1947 1618 1994 1680 uti
2013 1619 2113 1681 frater
2135 1617 2189 1684 hio
2211 1618 2270 1683 tibi

278 1719 359 1764 esse.
403 1698 507 1764 Recte
528 1720 622 1782 ergo,
651 1699 697 1762 mi
719 1698 900 1778 Morpachi,
921 1699 1019 1764 facies
1041 1700 1070 1764 si
1091 1709 1249 1765 consueta
1298 1701 1459 1783 prolixius
1484 1709 1631 1783 exponet.

278 1785 423 1851 caritatis
444 1784 569 1848 viscera
589 1784 639 1848 illi
661 1784 814 1859 declares,
842 1793 880 1847 ut
902 1793 993 1848 tauto
1015 1785 1150 1850 solidius
1172 1805 1249 1850 een·
1385 1788 1437 1850 De
1466 1786 1506 1850 D.
1538 1785 1684 1852 Sechettio
1714 1787 1807 1851 doleo
1838 1786 2030 1870 plusquam
2053 1791 2173 1872 possim
2198 1810 2269 1855 ver·

278 1871 429 1934 firmetur
457 1880 491 1932 et
515 1880 605 1933 tauto
626 1870 727 1934 iuetet
748 1870 950 1935 constantius
971 1891 1034 1952 quo
1056 1872 1161 1952 magis
1186 1872 1248 1934 fre·
1299 1870 1350 1935 bis
1382 1872 1555 1953 explicare,
1584 1872 1668 1954 quod
1698 1873 1743 1937 ita
1771 1872 1833 1937 sibi
1862 1874 1986 1956 imponi
2015 1895 2129 1956 passus
2156 1876 2199 1940 sit
2229 1878 2269 1941 ab

279 1963 375 2020 munt
406 1955 582 2019 inferorum
611 1964 739 2036 portae,
765 1989 1068 2003 -----
1100 1957 1249 2023 Basileae
1301 1978 1366 2021 uno
1397 1969 1495 2038 atque
1517 1959 1618 2022 altero
1641 1958 1750 2022 invido
1773 1968 1805 2021 et
1830 1959 1997 2023 malevolo.
2042 1960 2128 2023 Nam
2147 1984 2187 2024 ex
2206 1983 2270 2042 quo

280 2050 310 2104 4.
333 2038 503 2104 Februarii
525 2060 610 2105 anno
635 2045 724 2103 1556.
1300 2045 1406 2125 eoepit
1427 2042 1503 2107 huic
1531 2043 1602 2107 odio
1632 2043 1812 2127 indulgere,
1838 2044 1919 2108 nihil
1944 2066 2086 2127 unquam
2110 2049 2201 2127 potui
2225 2048 2272 2110 l-

1300 2127 1469 2211 oerequod
1493 2150 1558 2192 non
1581 2129 1634 2193 ille
1654 2130 1918 2210 reprehenderet.
1953 2130 2067 2214 Itaque
2090 2153 2148 2215 per
2160 2132 2272 2198 Chris·

1300 2223 1371 2277 tum
1398 2230 1430 2278 te
1459 2225 1588 2278 oratum
1617 2213 1715 2277 velim
1745 2229 1790 2289 ut,
1821 2215 1849 2280 si
1866 2215 1951 2279 forte
1973 2218 2057 2281 istuc
2080 2221 2192 2281 veniat
2214 2228 2272 2282 aut

1300 2298 1341 2362 ed
1368 2321 1442 2363 eum
1470 2299 1601 2378 scribas,
1615 2301 1641 2371 ⁶)
1671 2322 1742 2364 meo
1765 2301 1896 2364 nomine
1919 2323 2014 2385 roges
2033 2315 2197 2383 pacemet
2220 2326 2270 2368 re·

1299 2384 1565 2449 conciliationem.
1601 2385 1694 2449 Nihil
1717 2408 1768 2450 me
1791 2387 1885 2450 laesit
1906 2388 1933 2450 si
1956 2387 2127 2452 redeamus
2144 2391 2178 2452 in
2220 2411 2272 2454 ra·

1300 2470 1381 2533 tiam
1408 2470 1516 2534 simul.
1560 2470 1686 2536 Iudicat
1714 2470 1877 2536 Dominus
1908 2471 2068 2537 Seianam
2098 2475 2154 2555 qui
2177 2413 2269 2539 ilIum

763 2176 853 2241 'I'uus
876 2186 962 2241 totus
985 2174 1164 2242 Sultzerno.

1300 2557 1453 2621 turbavit
1504 2556 1572 2620 Nec
1601 2555 1712 2620 dubito
1738 2559 1817 2639 quin
1854 2558 1908 2621 ille
1935 2559 2069 2623 tandem
2098 2560 2272 2642 aliquando

711 2684 810 2754 2335.
1300 2641 1516 2741 abscindatur,
1546 2664 1647 2740 quum
1678 2644 1725 2708 sio
1751 2644 1909 2708 hactenus
1927 2645 2094 2742 eeclesiam
2118 2658 2150 2710 et
2167 2646 2270 2746 bonos

676 2754 678 2759 s
1299 2748 1388 2792 vrros
1406 2727 1479 2793 odro
1500 2729 1823 2793 mercenturbarunt.
1857 2727 1923 2794 Sed
1947 2730 1986 2793 de
2010 2731 2061 2794 lus
2083 2731 2158 2813 plus
2181 2744 2271 2798 satis

517 2837 765 2906 PouLANUS
784 2838 1001 2906 GALVINO.
1299 2812 1352 2876 Ex
1374 2812 1437 2877 isto
1460 2812 1585 2895 reliqua
1605 2835 1788 2897 cognosces.
1833 2814 1978 2879 Utinam
1992 2838 2160 2898 nunquam
2182 2831 2272 2900 post-

1299 2897 1361 2963 hac
1382 2897 1421 2962 de
1444 2898 1496 2962 his
1516 2900 1614 2964 rebus
1637 2899 1845 2965 scribendum
1867 2901 1918 2963 sit.

366 3007 471 3073 Maon
493 3011 903 3090 conmemoratione
925 3010 1094 3093 cipitata
1115 3008 1246 3092 nepeta,
1319 3069 1325 3081 ,
1385 2983 1514 3083 Abhinc
1543 2996 1683 3083 quatuor
1716 2995 1773 3050 auc
1799 2987 1944 3084 quinque
1967 2985 2035 3083 diae
2057 2985 2119 3051 hae
2141 2987 2205 3085 uer
2224 2989 2273 3087 fe·

281 3091 561 3176 Francfordfimsia
582 3101 610 3161 eg
634 3095 831 3160 Gemanica·
1298 3079 1343 3132 ort
1360 3070 1401 3134 D.
1416 3070 1544 3148 Zoaaus,
1557 3073 1585 3146 ⁷)
1608 3093 1664 3153 qur
1685 3083 1736 3135 est
1757 3089 1777 3133 a
1794 3070 1936 3136 eonsrlus
1960 3092 2047 3155 regis
2060 3071 2271 3153 Ferdtaonda,

1299 3176 1372 3220 cum
1395 3154 1557 3222 mandatis
1580 3157 1632 3221 aui
1651 3157 1739 3240 regis
1761 3156 1802 3220 ad
1824 3157 1989 3238 principes
2010 3157 2187 3223 Electores.
2233 3159 2269 3224 Is

432 3265 486 3331 (ax
503 3265 670 3335 aummpho
687 3266 751 3320 eod.
767 3265 866 3319 ow,
882 3262 938 3330 112,
956 3264 1001 3319 (οι,
1019 3262 1093 3330 232.)
1298 3242 1446 3305 narravit
1475 3243 1664 3306 Austriaoos
1692 3243 1874 3323 superiores
1915 3253 1947 3306 et
1976 3243 2147 3307 inferiores
2172 3245 2273 3309 simul

1297 3328 1500 3409 conspirasse
1521 3336 1559 3392 ut
1582 3328 1665 3392 hanc
1687 3347 1808 3391 novam
1830 3328 2021 3411 religionem
2044 3338 2077 3392 et
2099 3328 2197 3393 fidem
2210 3330 2272 3413 (ita

365 3434 554 3501 Clarissimo
588 3435 737 3520 theologo
776 3435 818 3502 D.
846 3436 894 3500 Io.
924 3434 1063 3502 Calvino
1090 3438 1247 3522 magistro
1297 3413 1385 3477 enim
1406 3412 1552 3495 ¹⁰0¹¹it¹¹r
1573 3411 1671 3476 h⁰¹11⁰
1684 3413 1875 3512 Pstplfllisslffil
1894 3415 2143 3498 ³¹110100l³¹¹tflf2
2165 3437 2271 3515 neque

280 3541 318 3587 ω
339 3522 470 3603 parenti
492 3522 527 3585 in
549 3520 683 3587 ghristo
705 3521 939 3588 colendissimo·
1298 3518 1391 3580 posse
1418 3519 1530 3582 regem
1560 3497 1627 3562 ullo
1653 3513 1745 3580 pacto
1767 3498 1932 3564 obsistere.
1941 3501 1969 3578 ὃ)
2013 3499 2098 3564 Nam
2121 3522 2177 3581 qur
2199 3512 2272 3567 erat

996 3606 1161 3673 (renem
1297 3582 1344 3647 ibi
1369 3584 1591 3662 cancellarius,
1609 3582 1706 3648 bomo
1728 3584 1968 3651 infensissimus
1997 3586 2156 3669 religioni,
2179 3608 2273 3653 coac·

1299 3680 1352 3734 tus
1370 3678 1420 3733 est
1437 3669 1526 3734 illinc
1539 3668 1712 3735 discedere.
1742 3670 1878 3753 Iamque
1900 3673 1935 3735 in
1947 3671 2024 3739 aula
2040 3682 2089 3737 est
2107 3693 2166 3754 pro
2185 3677 2270 3739 3000

368 3757 403 3824 S.
434 3759 471 3823 P.
498 3758 621 3824 Literis
648 3761 715 3825 tuis
735 3780 816 3842 quas
838 3759 878 3825 ad
899 3782 951 3827 me
975 3764 1025 3824 22.
1047 3759 1203 3826 Decemb.
1222 3763 1247 3838 ¹)
1299 3754 1371 3819 duc.
1395 3755 1555 3837 accipiens
1588 3757 1623 3819 in
1656 3756 1802 3838 singulos
1846 3778 1949 3822 anuos
1985 3761 2057 3822 300.
2110 3758 2178 3822 Res
2208 3760 2273 3825 ista

286 3843 404 3909 dedisti
433 3845 555 3926 (accepi
578 3856 686 3909 autem
713 3849 760 3909 18.
783 3846 930 3929 Ianuar.)
952 3865 1018 3910 non
1041 3846 1248 3911 mediocriter
1299 3839 1384 3905 male
1405 3839 1503 3904 hebet
1524 3861 1644 3923 regem,
1668 3863 1854 3924 quanquam
1875 3842 2003 3906 nullum
2027 3844 2145 3908 habeat
2165 3847 2273 3910 consi-

284 3951 358 3995 sum
381 3939 554 3995 recreatus.
587 3930 659 3995 Etsi
682 3932 769 3995 enim
791 3931 830 3995 de
847 3932 911 3997 Dei
933 3933 998 3996 mei
1016 3934 1068 3996 oui
1089 3931 1250 3997 hactenus
1299 3924 1389 4003 lium,
1422 3927 1497 4007 quia
1529 3926 1577 3990 illi
1606 3928 1653 3991 ita
1682 3928 1746 3990 iam
1776 3928 2014 3992 constituerunt
2041 3931 2140 3993 etiam
2167 3931 2273 3997 inviw

285 4016 407 4082 servivi
419 4014 540 4079 auxilio
562 4023 595 4078 et
615 4016 727 4080 favore
742 4017 853 4081 nullus
864 4017 986 4093 dubito,
999 4023 1145 4081 attamen
1161 4015 1250 4080 haud
1300 4032 1385 4093 rege.
1419 4012 1475 4076 Sic
1485 4011 1686 4094 loquebatur.
1719 4012 1872 4078 Addebat
1893 4015 1992 4078 etiam
2004 4014 2153 4079 Viennae
2171 4038 2274 4098 queu-

284 4101 357 4166 lere
386 4100 466 4164 illud
498 4101 601 4182 ipsius
630 4120 691 4167 neo
714 4102 849 4184 vulgare
877 4103 1071 4168 beneficium
1100 4121 1250 4187 agnosco,

285 4207 384 4268 quum
407 4186 488 4249 mihi
511 4206 575 4249 non
594 4186 699 4251 solum
715 4199 873 4266 vestrum,
885 4187 926 4253 D.
946 4188 1077 4254 oLosoo
1093 4197 1126 4252 et
1146 4197 1249 4263 tuum,

285 4272 342 4336 dat
368 4292 572 4350 consensum,
599 4271 656 4337 sed
678 4273 776 4337 etiam
799 4272 890 4338 addit
910 4275 1076 4338 auxilium.
1119 4272 1252 4354 Alioqui
1401 4264 1530 4330 ³l1⁷²¹⁶t
1546 4283 1613 4336 00⁰⁸
1632 4267 1793 4323 500012'0802
1817 4267 1930 4337 quidam
1950 4269 2123 4338 Aucuctinao
2141 4270 2275 4340 Memmi

288 4377 367 4421 sane
400 4378 515 4422 vereor
541 4366 578 4421 ut
607 4358 739 4422 tandem
766 4359 908 4423 ferendis
935 4360 1008 4423 istis
1025 4359 1169 4439 turbis2)
1191 4379 1251 4441 par
1299 4335 1348 4404 (οἷ’
1364 4332 1441 4465 ²42³*
1450 4334 1541 4459 ἐξὲξ)
1560 4336 1594 4390 ‘¹⁶
1610 4354 1664 4406 0¹⁴⁰
1681 4343 1705 4391 ⁶¹
1722 4337 1807 4401 ‘'an-

284 4442 426 4506 fuissem.
466 4443 615 4508 Ecclesia
633 4463 692 4525 per
714 4445 777 4509 Dei
794 4446 933 4528 gratiam
956 4443 1055 4509 habet
1073 4445 1164 4509 rIros
1185 4444 1252 4526 ple
1402 4471 1432 4539 5)
1450 4474 1485 4536 Cf,
1502 4480 1558 4527 not.
1577 4475 1600 4525 1.

285 4547 410 4609 rosque,
435 4527 504 4592 fere
526 4549 648 4607 omnes,
675 4528 940 4610 modestissimos,
969 4538 1002 4594 et
1029 4551 1107 4612 paee
1126 4529 1250 4594 fruere-
1402 4541 1433 4604 6)
1453 4544 1513 4596 eide
1531 4542 1562 4593 N.
1579 4542 1655 4596 2399.

1403 4610 1431 4676 7)
1449 4612 1492 4664 Ιο.
1515 4610 1571 4666 Ua.
1590 4611 1699 4677 Zacius,
1721 4612 1800 4667 caius
1821 4618 1901 4678 poter
1918 4615 2010 4666 clarus
2031 4614 2124 4678 suerat
2145 4612 2273 4668 iurecon-

1301 4679 1599 4744 armemanensis
1615 4687 1640 4735 ct
1656 4681 1770 4734 Emesam¹
1786 4684 1898 4749 amicus,
1916 4689 1998 4735 notua
2015 4691 2073 4735 erat
2093 4680 2156 4733 1521
2178 4689 2201 4734 et
2218 4683 2275 4746 tuit

286 4745 323 4799 In
341 4746 399 4799 dem
417 4746 501 4814 Brief
512 4748 668 4817 Bullinperc
685 4766 745 4804 oeni
764 4748 804 4805 at.
822 4749 890 4804 Jan.
909 4752 944 4805 iat
961 4751 1030 4805 norb
1047 4749 1249 4805 knneErmdli·
1300 4749 1372 4815 prof.
1399 4751 1471 4801 iaris
1522 4751 1630 4811 orileoe,
1657 4757 1754 4817 posteo
1779 4748 1959 4803 Fordinondo
1981 4758 2006 4804 ct
2030 4749 2228 4804 Morimilicno
2255 4767 2274 4805 a

285 4831 361 4882 nunp
378 4814 426 4867 der
443 4815 571 4883 Ankunst
587 4820 635 4872 der
655 4818 757 4884 Genser
769 4818 924 4873 Gesandten
943 4818 1027 4873 Rosci
1043 4818 1101 4873 und
1115 4818 1251 4873 Botellier.
1301 4817 1423 4871 conciliis
1439 4817 1545 4871 aalide.
1583 4819 1657 4873 Obiit
1674 4834 1700 4871 o.
1721 4816 1797 4870 1565.

290 4881 468 4937 Unmitteibor
491 4885 597 4953 durarss
617 4887 682 4941 uber
702 4903 776 4940 mura
795 4887 906 4940 Calvina
923 4887 1005 4953 Bries
1020 4903 1078 4942 eom
1097 4885 1139 4947 23,
1155 4902 1186 4941 eo
1203 4888 1253 4940 soie
1403 4886 1431 4951 8)
1452 4886 1548 4941 Pridie
1568 4887 1624 4941 Col.
1643 4887 1723 4941 Febr.
1743 4885 1811 4939 1556
1829 4902 1911 4955 quum
1930 4887 2130 4940 Fe'rdinondur
2147 4888 2273 4942 subsidia

284 4951 329 5005 dic
349 4951 506 5006 Garunnam
524 4955 604 5009 scibat
621 4973 638 5008 a
676 4955 812 5009 ekommrn
829 4958 894 5009 sein
1300 4960 1399 5020 peteret
1417 4961 1512 5008 contro
1527 4956 1632 5011 Ibrcoa
1648 4957 1890 5010 statueduatrioci
1906 4963 2001 5010 contra
2017 4957 2193 5026 postularunt
2211 4958 2273 5012 libe·

285 5019 376 5074 2885.
393 5023 418 5089 l)
437 5020 601 5090 deperditos.
686 5028 868 5077 auctentum
889 5039 930 5091 ep.
949 5023 1039 5077 eodem
1059 5023 1117 5087 {ere
1135 5028 1253 5091 ternpore
1301 5038 1362 5076 rom
1379 5024 1521 5092 religionis
1535 5026 1738 5093 protectionem¹
1774 5024 1870 5091 (Sleid.
1887 5026 1940 5079 111.
1959 5024 2029 5091 536).
2069 5023 2190 5093 Quorum
2208 5042 2273 5094 rup-

284 5089 323 5143 ud
349 5091 485 5144 ecclesiam
511 5095 614 5160 scripto
638 5093 675 5146 N.
700 5089 769 5145 2363
793 5109 864 5162 quoe
889 5096 920 5146 in
945 5092 1035 5147 codice
1061 5093 1099 5147 ad
1123 5091 1165 5146 26.
1185 5091 1252 5148 Dec.
1298 5091 1414 5159 plicatio
1437 5093 1533 5160 legitur
1555 5097 1585 5146 in
1605 5093 1765 5160 Roupocbii
1785 5110 1822 5146 ev.
1845 5094 2012 5148 Oeaterrcicb
2029 5094 2099 5148 Betl.
2118 5094 2165 5147 111.
2183 5113 2210 5161 p.
2230 5094 2273 5163 12,

284 5159 412 5225 refertar.
1302 5161 1337 5225 cf.
1360 5159 1432 5213 Toni.
1456 5162 1477 5214 1.
1500 5179 1526 5228 p.
1544 5162 1586 5216 45.
1625 5163 1686 5215 Rex
1703 5165 1834 5217 concessit
1851 5165 2063 5217 communionem
2081 5166 2130 5218 aab
2149 5170 2273 5233 utruque.

387 5226 417 5294 2)
435 5227 466 5280 N.
483 5226 559 5281 2352.
576 5226 652 5281 2360.
1303 5228 1451 5296 (Woldou,
1472 5230 1566 5286 Gestis
1584 5231 1610 5285 d.
1632 5232 1706 5284 Prot.
1724 5234 1754 5285 in
1775 5232 1941 5286 Oeaierreieb
1958 5232 1979 5284 1.
1999 5230 2071 5295 121.)
