4754 5880
278 267 319 328 ⁷5
1025 263 1285 332 EPISTOLAR
1306 265 1518 328 nttl-attt
2222 268 2262 332 76

277 451 350 517 bari
371 449 514 550 gaudere
535 471 588 515 me
609 473 674 517 non
698 450 874 517 dissimulo.
920 454 967 520 Ut
988 453 1107 517 vestris
1126 453 1241 517 saltem

279 537 406 602 iudiciis
447 536 502 601 isti
533 537 682 603 veritatis
714 536 893 602 adversarii
932 536 1054 620 aliquid
1087 539 1242 603 tribuant.

282 621 492 704 reboanti)
527 621 601 686 illas
633 623 760 686 senatui
793 622 919 697 obtulit,
953 625 1107 688 nimirum
1140 622 1243 688 abiis

278 707 472 774 subornatus
501 709 683 791 quassatis
712 708 807 785 nosti,
837 709 893 790 qui
926 731 967 773 ne
1000 708 1243 774 dissimularent

278 814 354 858 suos
376 806 511 858 conatus
525 814 687 857 rumorem
708 794 806 858 etiam
829 806 1017 876 sparserunt
1045 816 1098 859 me
1119 815 1243 878 poenae

280 881 423 956 metum)
461 878 656 961 profugisse:
712 878 800 960 Quid
841 880 988 944 suturam
1021 882 1065 945 sit
1097 880 1241 945 nondum

279 984 409 1046 possum
440 965 607 1029 coniicere.
652 965 793 1029 Tantum
824 965 972 1030 intellexi
994 975 1142 1030 nostrum
1165 964 1241 1031 Zer-

278 1049 391 1114 ltintem
405 1052 445 1126 ¹¹)
468 1050 503 1112 in
524 1057 676 1114 senatum
696 1059 849 1116 vocatum
871 1053 1009 1116 suasisse
1031 1060 1069 1115 ut
1087 1050 1243 1116 iudicium

277 1133 514 1215 suspenderent
535 1135 570 1197 in
592 1155 627 1198 re
649 1145 715 1200 tam
737 1145 955 1212 controversa,
978 1145 1012 1200 et
1034 1136 1095 1202 hac
1117 1138 1242 1200 ratione

277 1217 352 1284 illos
379 1218 581 1302 quorundam
610 1220 750 1302 impetus
772 1222 899 1286 fractos.
939 1222 1128 1287 Zebedaenm
1151 1223 1244 1286 aiunt

278 1305 387 1370 nescio
419 1305 495 1388 quid
520 1306 718 1388 scripturire.
732 1309 773 1385 ¹²)
811 1307 944 1372 Tacitus
963 1307 1154 1389 exspectabo
1176 1329 1243 1371 om-

279 1389 336 1453 nia
364 1400 406 1467 et,
430 1399 467 1455 ut
496 1412 600 1515 spero,
629 1391 755 1455 fortiter
778 1391 882 1456 ieram
903 1392 1060 1475 quidquid
1081 1392 1241 1458 acciderit.
1296 1445 1302 1458 .

278 1475 331 1540 De
353 1475 503 1541 tritecto
532 1480 558 1549 8)
576 1478 668 1542 nobis
690 1498 757 1541 non
775 1478 865 1559 prius
884 1477 1069 1561 gratulabor
1087 1500 1183 1561 quam
1207 1499 1243 1541 re

279 1560 351 1625 isa
378 1561 555 1626 ostenderit
584 1583 619 1626 se
648 1562 731 1626 nihil
759 1563 914 1627 simulare
936 1573 969 1628 et
991 1585 1049 1628 sno
1073 1563 1243 1629 Castaliont'

301 1647 398 1711 iserte
419 1648 626 1711 renunciant.
674 1649 772 1714 Mitto
795 1647 835 1711 ad
856 1658 888 1713 te
910 1648 1079 1714 duodecim
1098 1649 1242 1714 Tabula-

278 1752 351 1795 rum
384 1731 582 1814 exemplaria
603 1754 686 1815 quae
707 1734 747 1797 ad
771 1734 961 1799 Blanrernm
984 1744 1132 1800 nostrum
1151 1757 1244 1800 cures

277 1818 479 1898 perferenda.
530 1818 710 1883 Tissensium
743 1819 892 1885 audimus
920 1821 1084 1885 ministros
1113 1822 1244 1903 conqui-

278 1922 359 1968 rere.
373 1906 414 1980 ¹⁴)
455 1902 492 1968 Si
521 1905 566 1967 ita
591 1913 641 1969 cst
670 1903 760 1969 vides
789 1905 866 1988 qnid
895 1915 995 1987 paret.
1041 1907 1111 1989 Ego
1133 1925 1244 1970 occur·

278 1988 417 2052 rendum
440 2009 563 2065 censeo,
585 1989 641 2053 sed
659 1992 816 2056 rationem
839 1992 921 2056 inire
943 2014 1008 2056 non
1031 2012 1245 2074 pessumque

278 2072 313 2136 id
337 2074 503 2139 commode
533 2076 599 2139 fiat
635 2076 686 2138 Tu
715 2095 792 2141 vero
822 2077 849 2140 si
874 2077 938 2142 huc
959 2079 1087 2142 veneris
1105 2076 1244 2159 amplius

279 2158 437 2240 dispicias.
488 2159 579 2225 Bene
603 2160 685 2237 vale,
709 2162 754 2225 mi
787 2163 909 2244 optime
938 2173 1038 2246 pater.
1082 2163 1244 2227 Dominus
1337 2214 1343 2227 .

278 2243 371 2309 Iesus
394 2254 508 2329 pergat
529 2255 562 2309 te
585 2247 777 2311 confirmare
795 2258 827 2311 et
845 2248 997 2314 ecclesiae
1016 2268 1093 2313 snae
1115 2268 1245 2312 serrare
1320 2299 1326 2312 .

278 2329 484 2396 incolumem.
529 2330 625 2396 Laus.
649 2336 694 2395 16.
713 2333 835 2398 Martii.

879 2471 941 2536 al.
964 2471 1051 2535 Besa
1068 2478 1154 2535 tuus.

366 2671 465 2738 Mitto
498 2672 539 2736 ad
568 2681 601 2738 te
629 2672 809 2757 Bullinpert'
843 2674 954 2740 literas
982 2696 1056 2739 cuin
1077 2674 1186 2740 libello
1201 2678 1243 2751 ¹⁶)

279 2757 334 2838 qui
358 2756 437 2821 mihi
466 2758 602 2824 mirifice
630 2758 760 2842 placuit.
815 2760 925 2826 Ocitint‘
957 2761 1113 2844 scriptum
1132 2760 1244 2826 videre

279 2843 392 2941 gestio,
414 2864 598 2927 quanquam
621 2844 685 2909 iam
715 2844 833 2910 divino.
877 2845 943 2911 Sed
966 2847 1039 2911 nolo
1058 2846 1141 2911 male
1162 2846 1244 2910 omi·

278 2948 358 2992 nari.

712 3472 808 3544 2412.

516 3625 750 3695 OALVINUS
772 3628 1002 3697 annuato.

367 3797 506 3862 Nuntiat
540 3797 677 3879 Poppini
704 3804 829 3864 manwen
855 3807 882 3866 et
905 3799 1004 3866 Fabri
1020 3801 1240 3880 cenomani,

277 3881 316 3947 de
353 3902 485 3964 qnorum
525 3885 752 3967 moetus,
788 3886 956 3970 deiipmdis
994 3888 1146 3953 sotiatus
1177 3888 1244 3952 inm

278 3973 439 4118 mm
476 3970 607 4034 aterum
635 3973 781 4054 proponit
811 3974 906 4038 amici
932 3963 1119 4055 predam
1151 3973 1243 4037 aesti-

380 4275 408 4340 9)
426 4274 465 4330 Ν.
486 4273 561 4327 1900.
599 4274 756 4341 Praefectus
775 4275 1022 4331 &ambianensis
1039 4278 1134 4332 Berna
1150 4279 1243 4333 orion

277 4343 337 4409 daa,
354 4349 380 4397 et
396 4344 544 4424 ιιοωιᾙιῖοῃ·
560 4344 679 4407 facebat
691 4361 750 4399 eant
760 4344 928 4399 advesariis
940 4345 1050 4400 Uettieni
1066 4353 1091 4400 et
1103 4346 1244 4401 doetrinae

277 4410 311 4466 dc
325 4411 612 4549 mldiedl'ddailildldter
629 4496 676 4534 aes
692 4481 810 4534 atonem
827 4482 897 4560 'eive
918 4487 1029 4562 propter
1046 4483 1243 4537 elameatinam

278 4554 492 4613 monimentum,
518 4564 587 4617 qnae
609 4565 654 4602 res
675 4555 770 4617 posteo
792 4522 910 4603 alienata
932 4565 963 4603 sn
980 4566 1057 4603 amm
1076 4551 1245 4606 detorserant

278 4614 381 4670 Glande
398 4617 432 4671 de
442 4617 545 4671 Xainte
561 4624 586 4671 et
604 4618 707 4671 Boiaee.
735 4619 770 4683 (a.
781 4618 877 4688 Bayle,
896 4616 1041 4683 masse,
1059 4620 1135 4673 Besa
1150 4620 1242 4689 pte.)

363 4684 409 4749 ll)
445 4688 475 4739 ai
491 4692 581 4740 tanen
596 4688 654 4755 ipse
670 4686 917 4753 praedatinationi
932 4702 987 4741 non
1003 4687 1122 4752 tavebm.

277 4753 408 4877 mli)
426 4702 532 4808 laena
552 4755 607 4820 fait
629 4770 735 4816 rann,
756 4770 821 4809 nan
842 4755 912 4810 nebel
933 4772 1054 4826 nnqm
1073 4757 1152 4825 prelo
1167 4774 1243 4812 men·

296 4837 315 4876 a
355 4864 361 4875 .

362 4889 410 4954 13)
428 4893 472 4944 eir
489 4892 605 4958 nectas,
622 4890 740 4956 sonasse
756 4906 780 4944 e.
798 4891 823 4946 d.
844 4908 878 4944 m.
896 4892 1046 4947 inditione
1058 4894 1243 4949 Neoeonenai.

363 4957 410 5023 14)
429 4957 462 5012 Si
477 4960 540 5013 Mne
557 4960 739 5028 conquirebat
756 4960 815 5013 eine
831 4960 1042 5016 latbnanienne
1059 4962 1129 5017 amis
1142 4963 1244 5018 nodet·

277 5032 321 5081 trie
338 5043 395 5082 ease
412 5028 529 5093 ἀιὺώαι,
553 5033 578 5081 et
593 5029 685 5094 potiar
702 5027 779 5081 dmin
795 5030 840 5081 rai
856 5030 958 5097 kptbas
974 5031 1066 5099 quood
1082 5032 1170 5087 cadas
1184 5032 1243 5098 sor·

277 5112 348 5150 nant
365 5096 557 5165 obtemperarit
574 5097 703 5163 quanin
720 5101 813 5151 cama
832 5096 971 5153 δαιοιιιιιιι
988 5101 1106 5155 transiit.

363 5164 408 5228 15)
426 5165 600 5234 Apolopettea
617 5165 788 5233 αροιιιιοιισ.

1295 452 1351 515 (ux
1374 412 1542 520 autographo
1560 450 1623 504 cod
1642 448 1744 503 Gener.
1763 448 1836 512 107⁸,
1857 451 1903 504 iol.
1928 450 1987 514 129,
2009 452 2070 508 coll.
2092 468 2152 505 enm
2174 468 2263 507 exem·

1295 520 1363 590 pleri
1381 519 1518 573 Turretini
1536 519 1601 572 Ood.
1620 516 1678 576 103,
1696 519 1741 572 tol.
1759 517 1801 583 69,
1821 520 1952 573 Barnensi
1970 521 2040 589 Epp.
2055 519 2103 576 vt
2121 538 2146 590 p.
2165 519 2218 575 639
2235 527 2263 576 et

1623 588 1783 641 Simleriano
1802 588 1860 642 Vol.
1879 587 1933 654 87.)

1293 758 1579 825 Praestantissimo
1621 758 1746 824 Christi
1785 782 1880 824 servo
1918 758 2098 825 Guillelmo
2131 758 2263 824 Farello

1294 845 1526 911 Neocomensis
1554 844 1706 910 ecclesiae
1734 845 1799 909 fido
1832 847 1953 927 pastori
1985 847 2077 909 fratri
2107 853 2141 910 et
2174 867 2263 928 sym-

1598 941 1725 1014 mystes
1742 932 1962 1014 integerrimo.

1380 1099 1415 1166 S.
1445 1103 1535 1166 Mors
1563 1101 1678 1175 Abelis,
1692 1106 1715 1178 ι)
1739 1104 1831 1167 cuius
1855 1123 2020 1167 rumorem
2044 1103 2130 1167 istuc
2158 1102 2264 1184 perla-

1293 1196 1365 1251 tum
1397 1209 1467 1252 esse
1500 1206 1567 1250 non
1596 1185 1716 1262 dubito,
1751 1188 1813 1253 etsi
1838 1189 2008 1269 repentina
2028 1187 2145 1253 accidit
2163 1208 2265 1269 quum

1293 1294 1406 1338 omnes
1418 1283 1570 1354 putarent
1581 1292 1656 1335 eum
1668 1274 1903 1350 convalescere,
1914 1275 2074 1337 minorem
2086 1277 2139 1351 (ut
2149 1293 2264 1338 verum

1293 1361 1411 1432 fatear)
1433 1358 1526 1422 nobis
1544 1357 1665 1421 luctum
1689 1358 1807 1438 attulit,
1829 1359 1905 1441 quia
1928 1360 2097 1441 ingenium
2118 1359 2190 1423 eius
2208 1357 2265 1423 vix

1294 1465 1360 1508 iam
1379 1452 1448 1507 erat
1470 1442 1645 1507 tolerabile.
1687 1443 1820 1507 Matura
1840 1463 1918 1527 ergo
1936 1444 1998 1508 fuit
2019 1446 2088 1509 eius
2111 1443 2264 1520 decessio,

1296 1528 1397 1594 Fabri
1421 1528 1581 1592 abdicatio
1610 1529 1742 1605 tristior,
1772 1551 1855 1611 qnae
1885 1541 1919 1593 et
1938 1538 2050 1595 nostro
2072 1528 2180 1594 ordini
2197 1550 2264 1594 non

1295 1635 1435 1697 parvum
1460 1612 1599 1679 dedecus
1627 1614 1766 1695 aspersit
1788 1624 1821 1679 et
1852 1617 1935 1679 forte
1961 1616 2181 1696 inposterum
2200 1634 2265 1679 non

1295 1701 1386 1765 leves
1416 1698 1538 1765 creabit
1567 1699 1742 1763 molestias.
1794 1699 1846 1764 De
1878 1701 2118 1766 successoribus
2149 1702 2265 1765 merito

1296 1807 1410 1851 sumus
1439 1784 1578 1850 solliciti.
1623 1785 1696 1849 Etsi
1723 1787 1811 1849 enim
1842 1787 1932 1868 probi
1958 1786 2088 1867 quidam
2116 1785 2265 1851 homines

1296 1880 1329 1935 et
1357 1869 1559 1935 mediocriter
1592 1869 1677 1934 docti
1703 1871 1756 1936 hic
1775 1882 1852 1936 sunt
1878 1872 1919 1936 ad
1937 1891 2080 1946 manum,
2103 1890 2200 1935 nemo
2218 1882 2263 1935 ta·

1296 1978 1371 2021 men
1394 1957 1441 2021 sic
1459 1955 1590 2020 excellit
1608 1957 1685 2038 quin
1704 1956 1836 2022 aliunde
1857 1977 2021 2022 accersere
2043 1956 2141 2021 libeat
2162 1957 2264 2038 siqui

1295 2043 1502 2124 reperiantur
1526 2043 1631 2124 magis
1670 2041 1784 2106 idonei.
1836 2042 1924 2123 Quia
1952 2040 2143 2126 Brossaeffl)
2168 2062 2264 2124 saepe

1296 2127 1436 2192 antehae
1458 2128 1565 2192 locum
1588 2148 1658 2191 esse
1671 2129 1799 2209 optasti,
1817 2128 1895 2211 quid
1913 2148 2001 2193 nunc
2022 2127 2144 2192 sentias
2166 2147 2264 2209 quam

1294 2212 1562 2295 primumscribe.
1597 2212 1683 2276 Nam
1705 2213 1895 2279 electionem
1906 2212 2054 2279 consulto
2065 2212 2264 2295 suspendere

1295 2318 1403 2362 visum
1429 2310 1479 2363 est
1506 2310 1544 2361 ut
1576 2299 1667 2378 prius
1695 2298 1799 2364 literis
1820 2299 1885 2363 tuis
1907 2300 2027 2364 certior
2050 2300 2163 2363 fierem
2186 2305 2265 2364 tuae

1294 2385 1483 2449 sententiae.
1514 2382 1689 2448 Hebraeis
1712 2385 1874 2449 etiamen
1895 2383 1977 2448 liber
1998 2384 2090 2467 sit,⁸)
2113 2394 2146 2447 et
2168 2384 2264 2466 quale

1295 2469 1335 2534 de
1357 2468 1489 2533 homine
1511 2481 1604 2532 tuum
1626 2470 1668 2533 sit
1690 2470 1855 2547 indicium,
1876 2470 2060 2552 intelligere
2077 2470 2181 2551 cupio.

1381 2553 1537 2619 Foederis
1572 2555 1733 2619 sarciendi
1767 2577 1840 2639 spes
1870 2556 2030 2621 exstincta
2065 2576 2132 2620 non
2165 2561 2224 2619 est
2235 2555 2264 2640 ⁴)

1295 2641 1432 2723 Legatio
1458 2650 1587 2704 tantum
1615 2661 1697 2722 quae
1717 2662 1891 2724 properare
1908 2642 2073 2719 debuerat,
2095 2642 2130 2705 in
2152 2640 2264 2723 proxi·

1294 2746 1385 2790 mum
1413 2746 1559 2790 mensem
1582 2724 1739 2791 differtur.
1784 2727 1959 2791 Nundinee
1989 2724 2264 2791 Francoiordien·

1296 2833 1356 2886 ses,
1379 2823 1416 2874 nt
1434 2810 1583 2883 arbitror,
1595 2812 1716 2876 multos
1728 2810 1896 2877 Saxonum
1910 2811 2034 2876 libellos
2049 2815 2075 2889 ⁶)
2086 2812 2264 2894 perferent,

1296 2896 1336 2961 de
1363 2897 1479 2979 quibus
1511 2898 1724 2979 opportunius
1746 2919 1861 2976 coram,
1881 2899 1937 2963 ubi
1959 2917 2019 2962 nos
2041 2897 2182 2962 invisere
2204 2897 2264 2962 tibi

1296 2991 1329 3046 et
1352 2983 1467 3047 Vireto
1496 2983 1700 3047 commodum
1724 2985 1829 3047 suerit.
1865 2983 1958 3059 Vale,
1980 2983 2101 3064 optime
2123 2995 2156 3046 et
2177 2983 2265 3046 inte·

1296 3068 1436 3150 gerrime
1465 3068 1573 3131 frater.
1615 3068 1776 3133 Dominus
1804 3068 1863 3134 tibi
1883 3089 2012 3151 semper
2032 3068 2126 3144 adsit,
2148 3076 2181 3132 te
2203 3089 2264 3151 gu·

1294 3154 1410 3218 bernet
1431 3172 1469 3216 ac
1490 3154 1658 3217 sustineat.
1699 3152 1853 3219 Genetes
1879 3159 1926 3217 17.
1949 3155 2061 3218 Martii
2087 3157 2176 3217 lbbb.

1380 3238 1533 3321 Collegae
1555 3239 1618 3302 mei
1641 3247 1674 3302 et
1691 3239 1786 3303 amici
1804 3240 1995 3321 complures,
2014 3236 2139 3321 syndici
2155 3239 2265 3318 etiam,

1295 3333 1327 3388 te
1356 3323 1509 3387 salutant.
1557 3325 1608 3387 Tu
1637 3324 1709 3389 istic
1732 3324 1889 3390 iratribus
1919 3325 2095 3408 plurimam
2123 3324 2264 3390 salntem

1294 3423 1348 3473 me
1371 3411 1495 3490 precari
1515 3408 1611 3475 dices.

1748 3548 1888 3613 Ioannes
1909 3546 2069 3613 Calvinus
2089 3554 2175 3613 tuas

1293 3817 1422 3882 24121)
1443 3818 1481 3873 N.
1497 3817 1574 3871 2409.
1592 3817 1660 3871 9411
1679 3820 1767 3873 abiet
1784 3819 1817 3874 de
1835 3819 1926 3875 Fabri
1942 3818 2120 3874 abdicatione.
2222 3842 2225 3847 ·

1394 3885 1426 4019 {l
1445 3885 1569 4020 4463ῗὸ
1565 3887 1705 4017 0123314463,
1731 3958 1836 4010 anemio
1862 3956 2116 4022 Fleneofaedenstt
2141 3956 2263 4011 nomam

1293 4029 1357 4078 rate
1373 4024 1450 4088 saeta
1467 4032 1533 4077 erat.
1569 4023 1621 4092 (N.
1640 4022 1714 4076 9283.
1732 4023 1810 4079 2342.
1828 4023 1904 4080 2378.
1922 4025 1997 4080 2336.
2014 4024 2091 4080 9393.
2109 4024 2196 4091 9402.)

1395 4091 1425 4225 dl
1443 4090 1712 4226 ἔῇἳῗέὃέδξῖᾝι
1726 4159 1876 4229 Westpitoti
1894 4161 1923 4214 Ε
1942 4202 1948 4213 .
1967 4162 2005 4216 ad
2024 4160 2154 4218 &ndum
2170 4161 2263 4217 Frate·

1293 4229 1478 4294 catanensem,
1497 4237 1523 4283 et
1533 4229 1685 4284 meacbii
1702 4229 1788 4283 libello
1805 4236 1901 4284 eontra
1970 4247 2038 4296 cuin,
2055 4246 2144 4284 nimae
2157 4230 2263 4285 Martie

1293 4298 1374 4353 editis
1397 4299 1518 4351 nomam
1539 4302 1638 4353 eesetre
1656 4303 1794 4366 potuerat.
1829 4297 2038 4368 (Montckebery
2080 4299 2138 4353 ,69
2156 4305 2181 4354 et
2204 4298 2263 4364 72.)

1295 4367 1458 4447 Fortasse]
1492 4367 1569 4421 nitar
1590 4368 1623 4421 de
1640 4367 1692 4422 Seb
1743 4367 1776 4432 fii
1797 4368 1963 4432 eonfnncne
1980 4376 2007 4423 et
2030 4317 2179 4436 Wlenmt
2194 4369 2263 4424 iacit

1291 4437 1449 4505 praecipato
1516 4437 1647 4505 baptnmo
1663 4452 1698 4491 tn·
1746 4437 1854 4491 ettettabr⁸
1873 4437 1962 4493 editis
