4688 5910
272 331 339 394 695

275 513 361 580 hanc
383 534 513 581 oausam
541 513 624 578 mihi
651 521 792 581 tractare
814 513 1018 580 videbantur.
1063 512 1130 580 Sed
1152 521 1244 578 ante·

273 621 373 682 quam
395 612 595 683 postremum
624 598 707 664 illud
733 600 890 684 seriptum
913 600 1057 698 legerim,
1085 599 1243 666 iudicium

140 731 148 749 .
200 743 203 750 ι
275 707 386 750 meum
408 683 606 768 suspendere
628 706 723 768 quam
751 692 874 750 temero
902 683 1077 769 quidquam
1100 686 1244 768 proferre

276 771 370 835 malo.
414 770 568 834 Hostium
592 791 671 835 vero
694 770 808 852 rabies,
830 784 868 835 ut
888 780 986 835 antea
1006 771 1152 849 verebar,
1174 793 1243 835 ma·

276 856 326 940 gis
355 876 392 920 ac
419 856 524 940 magis
552 876 687 921 accensa
716 866 781 934 est,
814 877 874 923 nee
903 854 1081 940 quidquam
1114 865 1244 941 praeter

274 944 404 1006 tristem
426 943 551 1006 exitum
578 963 753 1007 excomm
775 943 873 1009 minis
902 951 936 1008 et
963 941 1142 1009 terroribus
1169 963 1242 1025 spe·

274 1027 341 1091 rari
362 1035 478 1109 potest.
523 1030 571 1093 Ao
594 1035 681 1092 certe
701 1028 822 1093 mirum
843 1039 892 1094 est
916 1049 971 1093 eos
992 1026 1150 1094 adversus
1172 1050 1242 1094 eoe-

273 1111 345 1177 lum
366 1122 399 1177 et
421 1122 559 1190 terram,
588 1112 697 1178 Deum
724 1125 820 1198 atque
848 1112 997 1180 homines
1024 1135 1092 1179 una
1120 1113 1242 1181 bellum

272 1218 400 1282 gerere,
434 1219 494 1264 neo
527 1197 603 1264 ullis
635 1199 747 1265 ferulis
781 1209 837 1264 aut
865 1200 972 1284 plagis
1006 1198 1047 1264 ad
1079 1203 1241 1268 saniorem

272 1293 415 1348 mentem
437 1285 590 1349 revocari.
687 1312 688 1315 ¹

358 1367 400 1433 In
436 1377 530 1451 tenta
574 1391 682 1434 rernm
727 1371 872 1435 omnium
912 1369 1136 1453 desperatione
1182 1391 1242 1454 ego

272 1453 485 1519 nihilominus
507 1455 629 1538 aliquid
651 1476 782 1537 sperare
804 1476 917 1540 cogor,
945 1456 1109 1539 bonosque
1130 1477 1242 1521 omnes

273 1539 369 1605 video
390 1542 502 1605 eodem
523 1562 651 1606 meeum
675 1542 783 1605 animo
805 1563 898 1624 opem
918 1542 1020 1608 aDeo
1043 1552 1243 1625 exspectare.

271 1624 370 1690 Hanc
393 1648 469 1691 vero
499 1647 590 1707 spem
612 1627 728 1709 quibus
751 1647 883 1709 possum
911 1629 1116 1711 argumentis
1137 1627 1241 1706 foveo,

272 1710 415 1794 aliosque
437 1711 566 1777 assidue
588 1711 700 1777 hortor
722 1721 759 1776 ut
783 1721 853 1777 tum
876 1715 1017 1777 maximo
1047 1716 1083 1778 in
1101 1713 1243 1778 Domino

272 1795 462 1862 recumbent
494 1819 594 1880 quum
630 1797 671 1863 ab
710 1797 897 1863 hominibus
938 1797 1141 1864 deseruntur.
1194 1800 1243 1864 Ac

162 1890 165 1896 '
272 1882 420 1947 fortassis
442 1882 522 1948 haee
543 1882 627 1960 bilis,
656 1904 738 1965 quae
764 1882 945 1968 legatorum
969 1883 1113 1950 adventu
1135 1892 1243 1950 tanto·

273 1988 356 2049 pere·
383 1968 542 2045 efferbuit,
576 1968 630 2033 ubi
664 1990 772 2033 seeum
803 1970 913 2034 omnia
941 1969 1088 2034 meditati
1121 1971 1244 2035 firennt

273 2053 398 2117 efferati
426 2053 588 2130 homines,
616 2054 752 2137 aliisque
779 2056 919 2139 negotiis
940 2077 1022 2138 quac
1045 2055 1136 2120 varia
1163 2057 1243 2139 ipsis

271 2149 430 2220 parantur
450 2139 599 2222 impliciti
622 2150 735 2218 erunt,
768 2141 924 2222 paulatim
948 2141 1165 2221 defervescat,
1192 2151 1242 2207 at·

293 2246 334 2288 ue
360 2224 493 2289 tandem
514 2225 745 2291 moderatiores
773 2228 862 2291 fient.
907 2226 1030 2291 Verum
1053 2225 1134 2293 haee
1162 2248 1242 2310 pen·

271 2246 350 2373 dent
377 2311 479 2375 aDei
510 2321 601 2387 nutu,
633 2310 674 2375 ad
702 2331 797 2393 quem
825 2313 934 2376 omnia
966 2315 1097 2390 referre,
1129 2333 1148 2376 a
1178 2334 1241 2395 quo

269 2395 412 2477 pendere
435 2394 597 2461 debemus.
639 2395 750 2477 Quum
773 2396 968 2462 advenerint
988 2399 1173 2481 principum
1195 2398 1241 2463 le·

270 2481 348 2564 goti,
372 2481 488 2545 melius
509 2481 644 2546 forsitan
667 2480 789 2564 aliquid
811 2480 970 2547 audietur.

360 2567 535 2648 Gospurem
557 2577 623 2631 tam
651 2567 747 2651 longe
769 2588 978 2652 progressum
1001 2590 1098 2654 aegre
1120 2569 1200 2635 fero.
1214 2571 1241 2652 ὅ)

270 2649 539 2734 Quandocunque
575 2653 703 2732 redeat,
730 2653 866 2718 'diutius
904 2653 957 2719 hio
996 2676 1127 2720 manere
1159 2654 1241 2719 mihi

269 2736 442 2801 consilium
467 2758 530 2801 non
553 2750 612 2815 est,
635 2760 694 2803 nce
716 2740 813 2803 etiam
836 2739 868 2803 id
892 2740 966 2804 boni
985 2751 1019 2804 et
1036 2740 1160 2806 cordati
1180 2740 1241 2806 viri

268 2829 376 2885 tutum
399 2844 470 2888 esse
492 2835 617 2905 putant.
661 2824 732 2888 Iam
756 2825 844 2889 enim
866 2825 939 2907 plus
961 2848 1060 2907 quam
1083 2824 1241 2913 ne[cesc]e

268 2915 356 2973 esset
386 2907 551 2990 plerisque
587 2910 723 2975 innotui.
769 2910 884 2993 Itaque
917 2912 1105 2977 missionem
1138 2914 1239 2994 impe·

268 2993 371 3070 travi,
402 2990 523 3081 [mod]o
552 3003 664 3059 tamen
690 2995 868 3061 discessum
896 3018 1007 3061 meum
1037 2998 1240 3082 aliquantum

272 3078 437 3157 differam,
469 3101 586 3163 nempe
612 3078 684 3167 a[d]
710 3080 791 3147 Idus
817 3081 981 3161 Decemb.,
1010 3083 1088 3149 dum
1115 3085 1242 3148 interea

269 3162 353 3228 mihi
376 3184 594 3230 successorem
617 3166 833 3245 decernatis,⁶
870 3169 926 3251 qui
943 3168 1041 3252 paulo
1063 3179 1137 3252 post
1157 3167 1240 3232 redi-

268 3256 338 3314 tum
361 3270 472 3315 meum
500 3252 583 3317 istue
605 3253 723 3332 veniat,
755 3274 796 3318 ne
825 3171 880 3318 dio
910 3275 992 3338 grex
1018 3256 1081 3320 iste
1109 3253 1241 3320 duetore
1320 3303 1326 3315 .

268 3334 477 3400 destituatur.
515 3335 628 3403 facite
650 3338 761 3422 igitur,
779 3338 922 3417 ebsecro,
942 3348 981 3404 ιιι
998 3361 1100 3422 quum
1119 3361 1241 3406 venero

268 3428 399 3504 praesto
421 3422 513 3487 sitis
536 3423 591 3506 qui
621 3424 655 3488 in
676 3444 786 3489 meum
815 3422 924 3490 lecum
944 3426 1102 3490 mittetur.
1146 3424 1241 3490 Idem
1330 3474 1336 3486 .

269 3528 290 3570 a
312 3507 405 3573 vobis
427 3507 545 3573 fratres
565 3529 768 3591 summopere
786 3512 963 3593 postulant.
998 3509 1092 3591 Quae
1113 3510 1154 3574 ad
1176 3511 1241 3575 iter

270 3592 300 3656 ei
327 3593 510 3658 necessaria
539 3606 636 3659 erunt
658 3616 787 3661 meeum
815 3595 928 3661 feram.
973 3595 1099 3679 Optant
1120 3604 1239 3676 autem,

270 3698 334 3761 quo
361 3678 436 3760 plus
465 3680 649 3745 autoritatis
682 3680 800 3746 habeat
831 3682 866 3747 in
896 3681 984 3748 hisee
1014 3681 1128 3760 turbis,
1162 3692 1240 3747 ute

270 3763 405 3848 collegio
427 3777 540 3829 nostro
556 3767 583 3847 7)
606 3764 776 3850 deligatur.
1058 3838 1064 3853 ,

356 3850 518 3915 Dominus
541 3872 597 3916 vos
620 3860 751 3916 tueatur
772 3851 932 3935 praesidio
954 3875 1021 3929 suo,
1092 3853 1160 3917 atia
1181 3875 1240 3918 sua

270 3935 379 4000 foveat
411 3938 580 4019 magisque
613 3959 650 4002 ac
680 3937 785 4022 magis
822 3936 916 4002 donis
949 3941 1017 4003 suis
1068 3939 1240 4021 coupletct

271 4021 443 4104 salvosque
465 4035 497 4086 et
525 4021 704 4087 incolumes
732 4024 886 4089 eeclesiae
908 4022 1088 4089 diutissime
1110 4044 1239 4089 conser-

270 4116 342 4184 vet,
376 4118 413 4171 ut
446 4109 609 4173 communi
637 4109 783 4174 omnium
811 4108 909 4174 saluti
938 4111 1122 4193 prospicere
1144 4117 1240 4194 atque

271 4189 375 4258 indies
408 4193 576 4258 consulere
608 4195 746 4277 possitis.
791 4193 957 4275 Quantam
988 4195 1240 4261 consolationem

271 4277 306 4340 in
329 4279 445 4343 mediis
472 4278 567 4343 malis
594 4281 790 4362 acceperim,
822 4289 856 4344 et
883 4301 979 4362 quam
1008 4302 1061 4345 me
1091 4281 1240 4345 laborum

271 4363 408 4427 istorum
443 4384 509 4428 non
542 4365 714 4447 poeniteat,
748 4386 808 4449 ego
842 4386 949 4430 eoram
982 4366 1074 4431 vobis
1107 4386 1240 4430 narrare

272 4470 369 4530 quam
398 4450 502 4514 literis
524 4451 681 4515 mandare
702 4450 798 4516 male.
841 4451 914 4515 Iam
934 4452 1022 4516 enim
1045 4452 1173 4536 longior
1193 4451 1241 4514 fui

271 4555 368 4615 quam
400 4535 562 4615 putabam,
597 4538 724 4601 tametsi
758 4536 838 4602 haec
871 4537 1016 4602 scribens
1045 4536 1121 4620 plus
1148 4536 1241 4620 vige·

273 4620 337 4684 sies
352 4625 371 4660 ³*
410 4620 634 4702 interpellatus
673 4623 727 4687 fni.
784 4622 866 4686 Vale
904 4623 1019 4706 igitur,
1059 4623 1105 4687 mi
1138 4637 1241 4705 pater,

374 4944 405 5078 dl)
424 4942 622 5066 guededa-Iberi.
640 5014 706 5069 Dee.
724 5014 883 5082 designatus
902 5013 1102 5069 renuentum
1119 5016 1243 5070 minutor

271 5098 307 5135 m.
326 5084 388 5137 Ios.
409 5085 438 5135 in
457 5084 547 5136 urbem
565 5083 679 5150 appulit.

376 5150 404 5215 7)
426 5150 583 5205 Geiiecenet.

1022 324 1284 393 EPISTOLAE
1305 328 1517 392 atet-2⁷59

2204 329 2260 393 cet

1294 467 1557 665 §osqueborqqqq
1585 515 1619 580 in
1646 513 1788 579 Domino
1816 514 1930 581 valete
1975 516 2005 581 Ε
2036 515 2152 582 ommis
2167 517 2191 595 ⁸)
2215 519 2258 581 18.

1326 620 1452 666 ovem.
1497 644 1503 660 .
1561 650 1568 665 .

1738 737 1851 802 Vestri
1874 738 2184 804 observantissimus

1824 823 1865 888 N.
1889 822 2063 890 Salioetus.
2078 827 2105 900 ⁹)

1674 1117 1877 1128 *-

1729 1369 1828 1438 2757.

1540 1521 1790 1587 FARELLUS
1808 1522 2026 1588 OALVINO.

1387 1693 1488 1759 Vario
1505 1695 1630 1777 attingit
1646 1698 1710 1757 tom
1722 1693 1851 1776 publica
1868 1714 1963 1776 quem
1980 1695 2156 1761 domestica.
2191 1695 2256 1760 (ler-

1294 1780 1393 1846 melue
1421 1780 1531 1844 itineri
1558 1779 1682 1843 tandm
1710 1799 1743 1844 ae
1762 1779 1901 1862 aceepit.
1948 1779 2139 1861 &dapum
2160 1803 2256 1866 arpeo

1295 1868 1369 1932 dum
1391 1867 1477 1946 apud
1497 1864 1681 1930 Palatinum
1702 1865 1758 1947 qui
1778 1863 1849 1928 bene
1871 1866 2043 1947 dispositus
2063 1868 2195 1933 meae.

1296 2036 1349 2101 (ΒΧ
1368 2036 1535 2103 autographo
1554 2032 1803 2096 (leudomalla,
1821 2035 1866 2088 fol.
1885 2034 1944 2097 134,
1961 2036 2023 2088 ooll.
2040 2052 2101 2089 cnm
2119 2039 2257 2102 exemplet

1373 2105 1504 2158 Beruensi
1523 2105 1593 2172 Epp.
1611 2103 1688 2158 Tom.
1707 2104 1755 2156 VI.
1775 2119 1800 2172 p.
1820 2102 1870 2156 701
1888 2115 1917 2156 et
1935 2105 2042 2158 Simleri
2061 2105 2120 2159 Vol.
2138 2104 2194 2170 90.)

1381 2273 1505 2340 Christi
1520 2296 1614 2339 servo
1631 2274 1727 2339 valde
1744 2275 1866 2357 insigni
1881 2275 1997 2339 Ioanni
2009 2274 2149 2341 Calvino
2167 2277 2257 2343 ecole-

1295 2363 1362 2426 siae
1384 2361 1590 2426 Genevensis
1619 2362 1758 2442 pastori,
1788 2359 1937 2444 theologo
1965 2361 2147 2426 clarissimo
2176 2363 2260 2428 fratri

1295 2459 1328 2510 et
1350 2458 1552 2530 symmystae
1573 2466 1670 2528 quam
1693 2447 1869 2511 carissimo.

2017 2532 2183 2598 Genevae.

1379 2701 1413 2768 S.
1449 2701 1558 2767 Hodie
1592 2701 1715 2784 Oecpor
1746 2724 1780 2766 se
1813 2702 1955 2785 accingit
1991 2704 2101 2769 itineri
2120 2710 2145 2782 ¹)
2179 2717 2259 2769 reeta

1293 2787 1579 2871 Monbelgardum‚
1610 2798 1648 2851 ut
1677 2787 1829 2870 legatis²t
1859 2787 1945 2851 adsit
1972 2789 2159 2872 principum
2188 2812 2258 2872 quo·

1293 2895 1368 2938 rum
1390 2874 1564 2956 praecipue
1586 2873 1692 2956 gratia
1713 2874 1831 2938 missus
1853 2872 1894 2938 ab
1915 2875 2052 2939 ecelesia
2073 2876 2146 2941 fuit
2182 2877 2259 2940 Nam

1293 2981 1392 3042 quum
1422 2961 1560 3024 instaret
1581 2972 1618 3021 ut
1642 2959 1808 3024 &etloum
1828 2960 2025 3036 mitteretur,
2038 2960 2065 3045 8)
2096 2961 2158 3028 hoe
2179 2962 2259 3026 diee-

1293 3047 1372 3111 bant
1402 3046 1536 3110 fratres:
1570 3056 1606 3108 tu
1635 3043 1829 3109 familiarior
1856 3045 1947 3109 fuisti
1979 3045 2097 3129 legatis
2125 3048 2182 3129 qui
2210 3048 2259 3111 hie

1293 3134 1438 3206 fuerunt,
1461 3142 1494 3195 et
1515 3150 1617 3211 quum
1638 3129 1819 3199 Dureswi
1842 3129 1884 3194 ed
1913 3131 2113 3212 praefectum
2143 3132 2260 3198 scribat

1294 3231 1328 3280 et
1350 3215 1545 3292 Maelium,
1573 3227 1611 3279 ιιι
1637 3216 1698 3279 tibi
1728 3214 1824 3280 fidem
1849 3216 2004 3291 habeant.
2038 3238 2136 3282 nemo
2159 3219 2259 3302 magis

1293 3301 1348 3368 hro
1375 3303 1525 3368 servierit
1550 3310 1584 3365 te
1612 3322 1687 3367 uno.
1731 3302 1882 3383 Accipies
1902 3312 1937 3366 et
1966 3311 2077 3368 tecum
2100 3303 2261 3369 aueum

1294 3400 1327 3452 et
1353 3408 1413 3469 pro
1434 3386 1523 3453 Besa
1549 3387 1669 3451 mittes.
1714 3387 1853 3453 Volebat
1880 3406 2009 3452 socrum
2041 3389 2185 3454 invisere
2214 3391 2259 3454 bis

1292 3494 1461 3550 miseram,
1491 3484 1530 3536 ut
1555 3471 1664 3554 aliqua
1691 3473 1818 3537 ratione
1846 3485 1897 3537 ter
1923 3473 2052 3538 miseris
2081 3476 2261 3539 consuleret

1292 3559 1553 3727 {wadii
1575 3558 2148 3727 ltltttttlltllttls
2170 3560 2261 3711 ft

1291 3728 1349 3808 bit,
1368 3741 1497 3794 tantum
1514 3728 1614 3808 abest,
1636 3740 1673 3794 ut
1690 3730 1843 3810 prodesse
1865 3739 1898 3794 et
1917 3728 2030 3795 adesse
2048 3731 2140 3796 velit
2172 3731 2260 3797 Iace-

1292 3816 1350 3881 ἔκιε
1382 3815 1440 3897 qui
1471 3826 1596 3897 patrem
1629 3814 1772 3897 perdidit
1804 3814 1882 3897 quid
1910 3817 2010 3881 matri
2042 3828 2077 3881 et
2109 3818 2261 3882 fracibus

1291 3900 1492 3984 praestabit?
1527 3898 1623 3980 Quod
1646 3900 1811 3982 praedixit
1831 3920 1955 3983 pauper
1976 3901 2153 3967 defunctus
2173 3924 2209 3968 se
2227 3905 2260 3967 in

1292 3987 1405 4052 fratris
1415 3988 1555 4071 gratiam
1566 4005 1605 4050 ea
1622 3997 1820 4068 empturum,
1838 4007 1922 4067 quae
1943 3987 2056 4052 sibiet
2077 3989 2148 4053 suis
2169 3990 2261 4054 ruina

1293 4083 1405 4138 essent
1426 4073 1569 4154 corporis
1591 4073 1720 4136 animae
1742 4085 1774 4137 et
1795 4073 1940 4136 omnium
1964 4073 2114 4155 denique,
2136 4073 2260 4140 abunde

1293 4158 1387 4222 video
1412 4158 1601 4239 impletum,
1635 4166 1669 4220 et
1695 4178 1795 4239 quum
1823 4160 1934 4222 omnia
1961 4167 2039 4241 egat
2068 4161 2211 4241 pessime
2230 4171 2260 4224 et

1395 4412 1423 4475 8)
1443 4413 1577 4467 Lutetiae.

1395 4480 1425 4548 9)
1442 4479 1506 4536 Nic.
1527 4480 1668 4535 Gellasiue
1686 4478 1817 4535 sicardo
1836 4478 1939 4535 διιᾶσι.

1294 4548 1382 4604 2757.
1400 4550 1427 4618 1)
1446 4550 1555 4618 saepius
1572 4550 1690 4603 mondus
1706 4555 1816 4617 propter
1834 4548 1917 4603 nimie
1928 4548 2089 4604 diuturnum
2106 4553 2261 4607 ὠιειιιέαιι.

1294 4687 1376 4742 m
1395 4618 1425 4682 2)
1445 4617 1541 4698 Nescit
1562 4632 1625 4698 erpo
1652 4617 1774 4741 Pwm
1796 4620 1964 4742 propeeq'tum
1988 4618 2183 4750 demlggeete'eae
2206 4623 2261 4674 siit·

1397 4694 1554 4741 acumem
1638 4689 1693 4740 et'
1764 4702 1820 4739 see
1878 4695 1987 4741 eatam
2050 4691 2262 4754 ‘‚utesttr

1292 4757 1446 4812 petuma
1471 4764 1508 4810 ou
1532 4702 1637 4824 Regiisn
1655 4703 1779 4810 reprimere.
1813 4702 1878 4821 (lii
1899 4755 1975 4811 Thou
2000 4755 2034 4810 11.
2056 4757 2108 4810 eal
2131 4708 2176 4813 id
2202 4758 2260 4827 poll

1295 4825 1414 4947 samii
1424 4824 1518 4948 Gyae&
1534 4823 1560 4877 d.
1577 4823 1631 4904 Hc.
1656 4822 1742 4945 th‘qt.
1760 4823 1811 4905 IV.
1827 4823 1901 4906 l22.)

1396 4894 1426 5025 4))
1443 4907 1668 5041 maiixiii?
1683 4908 1958 5016 didirddmidddlffie.
2013 5031 2019 5041 ·
2075 5031 2080 5041 ,

1396 5030 1427 5099 5)
1447 5033 1489 5085 De
1504 5032 1548 5085 lie
1564 5035 1682 5085 ceses
1697 5047 1754 5084 eeu
1770 5030 1904 5085 Ιιιιὸιιιιιιι.
1933 5029 2094 5084 Meminerat
2114 5031 2261 5086 German

1293 5114 1404 5156 uxorem
1422 5117 1436 5155 e
1454 5099 1628 5154 Farellorum
1649 5098 1759 5165 Iamdiu
1781 5099 1899 5164 decute,
1923 5098 1961 5152 ad
2083 5101 2165 5154 etium
2184 5098 2262 5154 Cleo·

1294 5169 1359 5224 diua
1378 5168 1506 5224 Guilelmi
1520 5171 1616 5233 trater,
1639 5173 1664 5221 ct
1682 5167 1799 5222 locotus
1820 5169 1864 5222 illc
1883 5169 1989 5236 partim
2006 5175 2064 5221 ost
2101 5171 2148 5223 Ad
2163 5169 2262 5224 tritten

1294 5237 1428 5308 pendam
1445 5252 1537 5294 casem
1555 5238 1610 5291 ιἰιιιι
1627 5237 1719 5292 utum
1738 5233 1869 5291 Caunus
1885 5239 1916 5291 ie
1932 5237 1986 5302 fise
2003 5235 2045 5292 N.
2060 5234 2139 5291 2710.
