<?xml version="1.0" encoding="UTF-8"?>
<!DOCTYPE html PUBLIC "-//W3C//DTD XHTML 1.0 Transitional//EN"
    "http://www.w3.org/TR/xhtml1/DTD/xhtml1-transitional.dtd">
<html xmlns="http://www.w3.org/1999/xhtml" xml:lang="en" lang="en">
 <head>
  <title>
</title>
<meta http-equiv="Content-Type" content="text/html;charset=utf-8" />
  <meta name='ocr-system' content='tesseract 3.04.00' />
  <meta name='ocr-capabilities' content='ocr_page ocr_carea ocr_par ocr_line ocrx_word'/>
</head>
<body>
  <div class='ocr_page' id='page_1' title='image "./ioanniscalvinio00reusgoog_0339.png"; bbox 0 0 4688 5910; ppageno 0'>
   <div class='ocr_carea' id='block_1_1' title="bbox 65 311 1199 380">
    <p class='ocr_par' dir='ltr' id='par_1_1' title="bbox 65 311 1199 380">
     <span class='ocr_line' id='line_1_1' title="bbox 65 311 1199 380; baseline -0.002 -2"><span class='ocrx_word' id='word_1_1' title='bbox 65 315 126 378; x_wconf 85' lang='grc'>677</span> <span class='ocrx_word' id='word_1_2' title='bbox 935 316 1015 378; x_wconf 82' lang='grc'><strong>1557</strong></span> <span class='ocrx_word' id='word_1_3' title='bbox 1037 311 1199 380; x_wconf 76' lang='lat' dir='ltr'>OC&#39;POB.</span> 
     </span>
    </p>
   </div>
   <div class='ocr_carea' id='block_1_2' title="bbox 1997 322 2062 387">
    <p class='ocr_par' dir='ltr' id='par_1_2' title="bbox 1997 322 2062 387">
     <span class='ocr_line' id='line_1_2' title="bbox 1997 322 2062 387; baseline 0.031 -3"><span class='ocrx_word' id='word_1_4' title='bbox 1997 322 2062 387; x_wconf 86' lang='grc'>678</span> 
     </span>
    </p>
   </div>
   <div class='ocr_carea' id='block_1_3' title="bbox 65 500 2065 2209">
    <p class='ocr_par' dir='ltr' id='par_1_3' title="bbox 65 500 2064 2040">
     <span class='ocr_line' id='line_1_3' title="bbox 66 500 2061 588; baseline 0.003 -22"><span class='ocrx_word' id='word_1_5' title='bbox 66 521 149 584; x_wconf 89' lang='lat' dir='ltr'>quae</span> <span class='ocrx_word' id='word_1_6' title='bbox 178 510 288 566; x_wconf 91' lang='lat' dir='ltr'>tamen</span> <span class='ocrx_word' id='word_1_7' title='bbox 316 508 427 565; x_wconf 85' lang='lat' dir='ltr'>vestra</span> <span class='ocrx_word' id='word_1_8' title='bbox 460 509 508 565; x_wconf 91' lang='grc'>001</span> <span class='ocrx_word' id='word_1_9' title='bbox 536 500 714 565; x_wconf 81' lang='lat' dir='ltr'>moderatio</span> <span class='ocrx_word' id='word_1_10' title='bbox 736 509 768 566; x_wconf 91' lang='lat' dir='ltr'>et</span> <span class='ocrx_word' id='word_1_11' title='bbox 790 501 987 580; x_wconf 86' lang='lat' dir='ltr'>humanitas,</span> <span class='ocrx_word' id='word_1_12' title='bbox 1010 502 1038 567; x_wconf 92' lang='lat' dir='ltr'>si</span> <span class='ocrx_word' id='word_1_13' title='bbox 1089 501 1174 567; x_wconf 93' lang='lat' dir='ltr'>nodo</span> <span class='ocrx_word' id='word_1_14' title='bbox 1197 501 1360 586; x_wconf 88' lang='lat' dir='ltr'>expedito,</span> <span class='ocrx_word' id='word_1_15' title='bbox 1389 503 1486 568; x_wconf 90' lang='lat' dir='ltr'>simul</span> <span class='ocrx_word' id='word_1_16' title='bbox 1516 504 1657 570; x_wconf 87' lang='lat' dir='ltr'>earnalis</span> <span class='ocrx_word' id='word_1_17' title='bbox 1678 515 1712 569; x_wconf 90' lang='lat' dir='ltr'>et</span> <span class='ocrx_word' id='word_1_18' title='bbox 1733 505 1959 588; x_wconf 87' lang='lat' dir='ltr'>superstitiosa</span> <span class='ocrx_word' id='word_1_19' title='bbox 1982 505 2061 572; x_wconf 90' lang='lat' dir='ltr'>ado·</span> 
     </span>
     <span class='ocr_line' id='line_1_4' title="bbox 65 586 2060 674; baseline 0.002 -22"><span class='ocrx_word' id='word_1_20' title='bbox 65 587 159 652; x_wconf 83' lang='lat' dir='ltr'>robis</span> <span class='ocrx_word' id='word_1_21' title='bbox 176 587 318 670; x_wconf 87' lang='lat' dir='ltr'>ingenue</span> <span class='ocrx_word' id='word_1_22' title='bbox 336 586 536 652; x_wconf 71' lang='lat' dir='ltr'>ostendimus</span> <span class='ocrx_word' id='word_1_23' title='bbox 548 586 627 667; x_wconf 91' lang='lat' dir='ltr'>quid</span> <span class='ocrx_word' id='word_1_24' title='bbox 649 606 839 652; x_wconf 90' lang='lat' dir='ltr'>censeamus</span> <span class='ocrx_word' id='word_1_25' title='bbox 850 588 938 652; x_wconf 84' lang='lat' dir='ltr'>factu</span> <span class='ocrx_word' id='word_1_26' title='bbox 955 587 1039 670; x_wconf 92' lang='lat' dir='ltr'>opti·</span> <span class='ocrx_word' id='word_1_27' title='bbox 1089 587 1172 652; x_wconf 89' lang='lat' dir='ltr'>ratio</span> <span class='ocrx_word' id='word_1_28' title='bbox 1193 586 1346 653; x_wconf 83' lang='lat' dir='ltr'>solvetur.</span> <span class='ocrx_word' id='word_1_29' title='bbox 1390 590 1494 654; x_wconf 89' lang='lat' dir='ltr'>Porro</span> <span class='ocrx_word' id='word_1_30' title='bbox 1511 589 1575 655; x_wconf 91' lang='lat' dir='ltr'>nisi</span> <span class='ocrx_word' id='word_1_31' title='bbox 1593 611 1694 655; x_wconf 91' lang='lat' dir='ltr'>unum</span> <span class='ocrx_word' id='word_1_32' title='bbox 1717 590 1758 655; x_wconf 87' lang='lat' dir='ltr'>ex</span> <span class='ocrx_word' id='word_1_33' title='bbox 1781 591 1963 674; x_wconf 76' lang='lat' dir='ltr'>praecipuis</span> <span class='ocrx_word' id='word_1_34' title='bbox 1984 591 2060 658; x_wconf 91' lang='lat' dir='ltr'>fidei</span> 
     </span>
     <span class='ocr_line' id='line_1_5' title="bbox 66 670 2059 758; baseline 0.003 -22"><span class='ocrx_word' id='word_1_35' title='bbox 66 693 168 749; x_wconf 91' lang='lat' dir='ltr'>mum,</span> <span class='ocrx_word' id='word_1_36' title='bbox 192 670 455 755; x_wconf 84' lang='lat' dir='ltr'>aequibonique,</span> <span class='ocrx_word' id='word_1_37' title='bbox 487 679 525 736; x_wconf 88' lang='lat' dir='ltr'>ut</span> <span class='ocrx_word' id='word_1_38' title='bbox 554 692 734 754; x_wconf 87' lang='lat' dir='ltr'>speramus,</span> <span class='ocrx_word' id='word_1_39' title='bbox 758 673 933 738; x_wconf 84' lang='lat' dir='ltr'>consuletis</span> <span class='ocrx_word' id='word_1_40' title='bbox 954 672 1040 737; x_wconf 89' lang='lat' dir='ltr'>hanc</span> <span class='ocrx_word' id='word_1_41' title='bbox 1089 680 1220 738; x_wconf 89' lang='lat' dir='ltr'>nostrae</span> <span class='ocrx_word' id='word_1_42' title='bbox 1242 673 1388 740; x_wconf 75' lang='lat' dir='ltr'><strong>articulis</strong></span> <span class='ocrx_word' id='word_1_43' title='bbox 1416 684 1532 758; x_wconf 90' lang='lat' dir='ltr'>sponte</span> <span class='ocrx_word' id='word_1_44' title='bbox 1555 675 1647 741; x_wconf 94' lang='lat' dir='ltr'>nobis</span> <span class='ocrx_word' id='word_1_45' title='bbox 1670 677 1780 758; x_wconf 59' lang='lat' dir='ltr'>perire¹</span> <span class='ocrx_word' id='word_1_46' title='bbox 1798 676 1959 754; x_wconf 88' lang='lat' dir='ltr'>volumus,</span> <span class='ocrx_word' id='word_1_47' title='bbox 1981 680 2059 742; x_wconf 91' lang='lat' dir='ltr'>reti·</span> 
     </span>
     <span class='ocr_line' id='line_1_6' title="bbox 67 755 2060 840; baseline 0.003 -18"><span class='ocrx_word' id='word_1_48' title='bbox 67 767 211 823; x_wconf 89' lang='lat' dir='ltr'>nostram</span> <span class='ocrx_word' id='word_1_49' title='bbox 248 757 410 822; x_wconf 89' lang='lat' dir='ltr'>fiduciam.</span> <span class='ocrx_word' id='word_1_50' title='bbox 463 755 602 837; x_wconf 81' lang='lat' dir='ltr'><strong>Quando</strong></span> <span class='ocrx_word' id='word_1_51' title='bbox 635 779 692 840; x_wconf 88' lang='lat' dir='ltr'>pro</span> <span class='ocrx_word' id='word_1_52' title='bbox 727 767 836 823; x_wconf 86' lang='lat' dir='ltr'>vestra</span> <span class='ocrx_word' id='word_1_53' title='bbox 867 757 1041 840; x_wconf 90' lang='lat' dir='ltr'>prudentia</span> <span class='ocrx_word' id='word_1_54' title='bbox 1089 757 1199 823; x_wconf 89' lang='lat' dir='ltr'>nenda</span> <span class='ocrx_word' id='word_1_55' title='bbox 1238 768 1287 824; x_wconf 91' lang='lat' dir='ltr'>est</span> <span class='ocrx_word' id='word_1_56' title='bbox 1325 759 1488 825; x_wconf 90' lang='lat' dir='ltr'>hnmanae</span> <span class='ocrx_word' id='word_1_57' title='bbox 1529 770 1666 825; x_wconf 87' lang='lat' dir='ltr'>naturae</span> <span class='ocrx_word' id='word_1_58' title='bbox 1695 763 1727 825; x_wconf 94' lang='lat' dir='ltr'>in</span> <span class='ocrx_word' id='word_1_59' title='bbox 1763 761 1894 827; x_wconf 83' lang='lat' dir='ltr'>Christo</span> <span class='ocrx_word' id='word_1_60' title='bbox 1927 763 2060 828; x_wconf 85' lang='lat' dir='ltr'>veritas.</span> 
     </span>
     <span class='ocr_line' id='line_1_7' title="bbox 68 842 2059 926; baseline 0.003 -17"><span class='ocrx_word' id='word_1_61' title='bbox 68 843 200 909; x_wconf 78' lang='lat' dir='ltr'>exitiale</span> <span class='ocrx_word' id='word_1_62' title='bbox 222 843 291 908; x_wconf 88' lang='grc'><strong>1010</strong></span> <span class='ocrx_word' id='word_1_63' title='bbox 318 842 441 907; x_wconf 90' lang='lat' dir='ltr'>malum</span> <span class='ocrx_word' id='word_1_64' title='bbox 472 843 663 925; x_wconf 87' lang='lat' dir='ltr'>perspicitis,</span> <span class='ocrx_word' id='word_1_65' title='bbox 693 844 719 908; x_wconf 91' lang='lat' dir='ltr'>si</span> <span class='ocrx_word' id='word_1_66' title='bbox 741 844 775 907; x_wconf 92' lang='lat' dir='ltr'>in</span> <span class='ocrx_word' id='word_1_67' title='bbox 798 844 1040 909; x_wconf 86' lang='lat' dir='ltr'>contentionem</span> <span class='ocrx_word' id='word_1_68' title='bbox 1090 844 1164 910; x_wconf 86' lang='lat' dir='ltr'>Nisi</span> <span class='ocrx_word' id='word_1_69' title='bbox 1186 845 1272 908; x_wconf 92' lang='lat' dir='ltr'>enim</span> <span class='ocrx_word' id='word_1_70' title='bbox 1301 844 1382 910; x_wconf 90' lang='lat' dir='ltr'>illud</span> <span class='ocrx_word' id='word_1_71' title='bbox 1411 847 1514 910; x_wconf 89' lang='lat' dir='ltr'>fixum</span> <span class='ocrx_word' id='word_1_72' title='bbox 1542 855 1684 926; x_wconf 90' lang='lat' dir='ltr'>maneat,</span> <span class='ocrx_word' id='word_1_73' title='bbox 1707 848 1923 912; x_wconf 82' lang='lat' dir='ltr'>resurrexisse</span> <span class='ocrx_word' id='word_1_74' title='bbox 1945 847 2059 914; x_wconf 89' lang='lat' dir='ltr'>Chris-</span> 
     </span>
     <span class='ocr_line' id='line_1_8' title="bbox 67 927 2059 1014; baseline 0.003 -20"><span class='ocrx_word' id='word_1_75' title='bbox 67 937 218 1010; x_wconf 90' lang='lat' dir='ltr'>erumpat</span> <span class='ocrx_word' id='word_1_76' title='bbox 247 928 412 1007; x_wconf 84' lang='lat' dir='ltr'>dissensio,</span> <span class='ocrx_word' id='word_1_77' title='bbox 442 950 507 993; x_wconf 89' lang='lat' dir='ltr'>non</span> <span class='ocrx_word' id='word_1_78' title='bbox 530 930 607 994; x_wconf 87' lang='lat' dir='ltr'>estis</span> <span class='ocrx_word' id='word_1_79' title='bbox 629 927 789 1012; x_wconf 89' lang='lat' dir='ltr'>prolixius</span> <span class='ocrx_word' id='word_1_80' title='bbox 810 928 981 1007; x_wconf 90' lang='lat' dir='ltr'>monendi,</span> <span class='ocrx_word' id='word_1_81' title='bbox 1004 937 1042 993; x_wconf 92' lang='lat' dir='ltr'>ut</span> <span class='ocrx_word' id='word_1_82' title='bbox 1090 939 1161 994; x_wconf 93' lang='lat' dir='ltr'>tum</span> <span class='ocrx_word' id='word_1_83' title='bbox 1189 938 1229 994; x_wconf 92' lang='lat' dir='ltr'>ut</span> <span class='ocrx_word' id='word_1_84' title='bbox 1258 952 1317 996; x_wconf 90' lang='lat' dir='ltr'>nos</span> <span class='ocrx_word' id='word_1_85' title='bbox 1340 931 1400 997; x_wconf 88' lang='lat' dir='ltr'>sibi</span> <span class='ocrx_word' id='word_1_86' title='bbox 1429 934 1615 1009; x_wconf 85' lang='lat' dir='ltr'>conformet,</span> <span class='ocrx_word' id='word_1_87' title='bbox 1639 933 1693 996; x_wconf 92' lang='lat' dir='ltr'>ubi</span> <span class='ocrx_word' id='word_1_88' title='bbox 1716 933 1779 996; x_wconf 89' lang='lat' dir='ltr'>erit</span> <span class='ocrx_word' id='word_1_89' title='bbox 1800 953 1874 1014; x_wconf 90' lang='lat' dir='ltr'>spes</span> <span class='ocrx_word' id='word_1_90' title='bbox 1896 955 2059 1000; x_wconf 88' lang='lat' dir='ltr'>resurrec-</span> 
     </span>
     <span class='ocr_line' id='line_1_9' title="bbox 68 1013 2059 1100; baseline 0.002 -20"><span class='ocrx_word' id='word_1_91' title='bbox 68 1015 131 1080; x_wconf 91' lang='lat' dir='ltr'>sibi</span> <span class='ocrx_word' id='word_1_92' title='bbox 169 1013 304 1096; x_wconf 89' lang='lat' dir='ltr'>quisque</span> <span class='ocrx_word' id='word_1_93' title='bbox 343 1024 512 1096; x_wconf 90' lang='lat' dir='ltr'>temperet.</span> <span class='ocrx_word' id='word_1_94' title='bbox 566 1015 692 1079; x_wconf 90' lang='lat' dir='ltr'>Verum</span> <span class='ocrx_word' id='word_1_95' title='bbox 725 1015 823 1080; x_wconf 90' lang='lat' dir='ltr'>simul</span> <span class='ocrx_word' id='word_1_96' title='bbox 856 1013 1042 1080; x_wconf 89' lang='lat' dir='ltr'>adhibenda</span> <span class='ocrx_word' id='word_1_97' title='bbox 1091 1015 1214 1080; x_wconf 86' lang='lat' dir='ltr'>tionis?</span> <span class='ocrx_word' id='word_1_98' title='bbox 1258 1016 1304 1080; x_wconf 78' lang='lat' dir='ltr'>Et</span> <span class='ocrx_word' id='word_1_99' title='bbox 1333 1016 1417 1099; x_wconf 92' lang='lat' dir='ltr'>quod</span> <span class='ocrx_word' id='word_1_100' title='bbox 1440 1018 1639 1100; x_wconf 84' lang='lat' dir='ltr'>praeposteri</span> <span class='ocrx_word' id='word_1_101' title='bbox 1664 1017 1795 1099; x_wconf 91' lang='lat' dir='ltr'>quidam</span> <span class='ocrx_word' id='word_1_102' title='bbox 1824 1018 1972 1083; x_wconf 91' lang='lat' dir='ltr'>homines</span> <span class='ocrx_word' id='word_1_103' title='bbox 1994 1027 2059 1083; x_wconf 88' lang='lat' dir='ltr'>ter·</span> 
     </span>
     <span class='ocr_line' id='line_1_10' title="bbox 69 1098 2059 1185; baseline 0.002 -20"><span class='ocrx_word' id='word_1_104' title='bbox 69 1110 120 1165; x_wconf 91' lang='lat' dir='ltr'>est</span> <span class='ocrx_word' id='word_1_105' title='bbox 145 1099 274 1165; x_wconf 89' lang='lat' dir='ltr'>diversa</span> <span class='ocrx_word' id='word_1_106' title='bbox 306 1101 423 1177; x_wconf 85' lang='lat' dir='ltr'>cautio,</span> <span class='ocrx_word' id='word_1_107' title='bbox 449 1122 501 1178; x_wconf 92' lang='lat' dir='ltr'>no,</span> <span class='ocrx_word' id='word_1_108' title='bbox 531 1101 557 1164; x_wconf 93' lang='grc'>01</span> <span class='ocrx_word' id='word_1_109' title='bbox 606 1098 788 1165; x_wconf 87' lang='lat' dir='ltr'>ratificandi</span> <span class='ocrx_word' id='word_1_110' title='bbox 818 1121 916 1166; x_wconf 88' lang='lat' dir='ltr'>causa</span> <span class='ocrx_word' id='word_1_111' title='bbox 938 1100 1040 1166; x_wconf 90' lang='lat' dir='ltr'>ambi·</span> <span class='ocrx_word' id='word_1_112' title='bbox 1090 1121 1171 1165; x_wconf 89' lang='lat' dir='ltr'>rena</span> <span class='ocrx_word' id='word_1_113' title='bbox 1191 1102 1285 1185; x_wconf 88' lang='lat' dir='ltr'>signa</span> <span class='ocrx_word' id='word_1_114' title='bbox 1307 1123 1380 1167; x_wconf 90' lang='lat' dir='ltr'>cum</span> <span class='ocrx_word' id='word_1_115' title='bbox 1404 1102 1586 1167; x_wconf 88' lang='lat' dir='ltr'>substantia</span> <span class='ocrx_word' id='word_1_116' title='bbox 1609 1102 1660 1166; x_wconf 87' lang='lat' dir='ltr'>vol</span> <span class='ocrx_word' id='word_1_117' title='bbox 1684 1124 1719 1166; x_wconf 90' lang='lat' dir='ltr'>re</span> <span class='ocrx_word' id='word_1_118' title='bbox 1741 1104 1902 1185; x_wconf 85' lang='lat' dir='ltr'>spirituali</span> <span class='ocrx_word' id='word_1_119' title='bbox 1922 1103 2059 1168; x_wconf 83' lang='lat' dir='ltr'>confun-</span> 
     </span>
     <span class='ocr_line' id='line_1_11' title="bbox 69 1121 2059 1272; baseline 0.003 -23"><span class='ocrx_word' id='word_1_120' title='bbox 69 1207 170 1270; x_wconf 86' lang='lat' dir='ltr'>guum</span> <span class='ocrx_word' id='word_1_121' title='bbox 201 1186 308 1252; x_wconf 86' lang='lat' dir='ltr'>neseio</span> <span class='ocrx_word' id='word_1_122' title='bbox 340 1185 417 1269; x_wconf 92' lang='lat' dir='ltr'>quid</span> <span class='ocrx_word' id='word_1_123' title='bbox 446 1195 478 1250; x_wconf 87' lang='lat' dir='ltr'>et</span> <span class='ocrx_word' id='word_1_124' title='bbox 511 1121 702 1269; x_wconf 68' lang='lat' dir='ltr'>perplexum</span> <span class='ocrx_word' id='word_1_125' title='bbox 735 1187 930 1268; x_wconf 75' lang='lat' dir='ltr'>receperitis,</span> <span class='ocrx_word' id='word_1_126' title='bbox 964 1186 1041 1251; x_wconf 90' lang='lat' dir='ltr'>hine</span> <span class='ocrx_word' id='word_1_127' title='bbox 1091 1186 1183 1264; x_wconf 91' lang='lat' dir='ltr'>dunt,</span> <span class='ocrx_word' id='word_1_128' title='bbox 1206 1208 1272 1252; x_wconf 90' lang='lat' dir='ltr'>non</span> <span class='ocrx_word' id='word_1_129' title='bbox 1297 1186 1476 1252; x_wconf 87' lang='lat' dir='ltr'>omittenda</span> <span class='ocrx_word' id='word_1_130' title='bbox 1505 1197 1591 1253; x_wconf 92' lang='lat' dir='ltr'>esset</span> <span class='ocrx_word' id='word_1_131' title='bbox 1620 1186 1794 1266; x_wconf 88' lang='lat' dir='ltr'>distinctio,</span> <span class='ocrx_word' id='word_1_132' title='bbox 1824 1190 1896 1253; x_wconf 86' lang='lat' dir='ltr'>eine</span> <span class='ocrx_word' id='word_1_133' title='bbox 1925 1209 1990 1272; x_wconf 90' lang='lat' dir='ltr'>qua</span> <span class='ocrx_word' id='word_1_134' title='bbox 2018 1211 2059 1254; x_wconf 92' lang='lat' dir='ltr'>ex</span> 
     </span>
     <span class='ocr_line' id='line_1_12' title="bbox 69 1270 2061 1355; baseline 0.002 -19"><span class='ocrx_word' id='word_1_135' title='bbox 69 1271 145 1336; x_wconf 91' lang='lat' dir='ltr'>inde</span> <span class='ocrx_word' id='word_1_136' title='bbox 167 1292 208 1335; x_wconf 89' lang='lat' dir='ltr'>ex</span> <span class='ocrx_word' id='word_1_137' title='bbox 226 1272 330 1336; x_wconf 87' lang='lat' dir='ltr'>caecis</span> <span class='ocrx_word' id='word_1_138' title='bbox 352 1270 404 1335; x_wconf 84' lang='lat' dir='ltr'>vel</span> <span class='ocrx_word' id='word_1_139' title='bbox 415 1271 561 1336; x_wconf 88' lang='lat' dir='ltr'>obscuris</span> <span class='ocrx_word' id='word_1_140' title='bbox 572 1271 791 1336; x_wconf 89' lang='lat' dir='ltr'>simultatibus</span> <span class='ocrx_word' id='word_1_141' title='bbox 803 1270 919 1337; x_wconf 89' lang='lat' dir='ltr'>deinde</span> <span class='ocrx_word' id='word_1_142' title='bbox 936 1292 1040 1338; x_wconf 89' lang='lat' dir='ltr'>emer·</span> <span class='ocrx_word' id='word_1_143' title='bbox 1091 1271 1229 1355; x_wconf 87' lang='lat' dir='ltr'>singulis</span> <span class='ocrx_word' id='word_1_144' title='bbox 1251 1275 1462 1338; x_wconf 89' lang='lat' dir='ltr'>sacramentis</span> <span class='ocrx_word' id='word_1_145' title='bbox 1484 1273 1618 1337; x_wconf 90' lang='lat' dir='ltr'>totidem</span> <span class='ocrx_word' id='word_1_146' title='bbox 1630 1273 1717 1339; x_wconf 89' lang='lat' dir='ltr'>idola</span> <span class='ocrx_word' id='word_1_147' title='bbox 1738 1275 1799 1338; x_wconf 87' lang='lat' dir='ltr'>sibi</span> <span class='ocrx_word' id='word_1_148' title='bbox 1817 1273 1952 1339; x_wconf 85' lang='lat' dir='ltr'>fabricat</span> <span class='ocrx_word' id='word_1_149' title='bbox 1969 1297 2061 1340; x_wconf 90' lang='lat' dir='ltr'>mun·</span> 
     </span>
     <span class='ocr_line' id='line_1_13' title="bbox 69 1355 2060 1443; baseline 0.002 -23"><span class='ocrx_word' id='word_1_150' title='bbox 69 1369 127 1441; x_wconf 89' lang='lat' dir='ltr'>gat</span> <span class='ocrx_word' id='word_1_151' title='bbox 149 1355 292 1422; x_wconf 90' lang='lat' dir='ltr'>deterius</span> <span class='ocrx_word' id='word_1_152' title='bbox 313 1367 487 1422; x_wconf 87' lang='lat' dir='ltr'>certamen.</span> <span class='ocrx_word' id='word_1_153' title='bbox 531 1355 617 1436; x_wconf 81' lang='lat' dir='ltr'>Quid</span> <span class='ocrx_word' id='word_1_154' title='bbox 648 1366 756 1421; x_wconf 83' lang='lat' dir='ltr'>autern</span> <span class='ocrx_word' id='word_1_155' title='bbox 786 1358 894 1422; x_wconf 83' lang='lat' dir='ltr'>obstet</span> <span class='ocrx_word' id='word_1_156' title='bbox 914 1357 1041 1439; x_wconf 86' lang='lat' dir='ltr'>quomi-</span> <span class='ocrx_word' id='word_1_157' title='bbox 1091 1355 1159 1422; x_wconf 91' lang='lat' dir='ltr'>dus.</span> <span class='ocrx_word' id='word_1_158' title='bbox 1205 1356 1363 1437; x_wconf 81' lang='lat' dir='ltr'>Quamvis</span> <span class='ocrx_word' id='word_1_159' title='bbox 1396 1379 1473 1442; x_wconf 86' lang='lat' dir='ltr'>ergo</span> <span class='ocrx_word' id='word_1_160' title='bbox 1501 1359 1596 1440; x_wconf 86' lang='lat' dir='ltr'>panis</span> <span class='ocrx_word' id='word_1_161' title='bbox 1628 1379 1693 1423; x_wconf 91' lang='lat' dir='ltr'>oon</span> <span class='ocrx_word' id='word_1_162' title='bbox 1725 1361 1938 1443; x_wconf 88' lang='lat' dir='ltr'>figurativum</span> <span class='ocrx_word' id='word_1_163' title='bbox 1965 1359 2060 1426; x_wconf 91' lang='lat' dir='ltr'>modo</span> 
     </span>
     <span class='ocr_line' id='line_1_14' title="bbox 70 1442 2061 1528; baseline 0.002 -21"><span class='ocrx_word' id='word_1_164' title='bbox 70 1465 135 1507; x_wconf 89' lang='lat' dir='ltr'>nus</span> <span class='ocrx_word' id='word_1_165' title='bbox 156 1443 189 1506; x_wconf 91' lang='lat' dir='ltr'>in</span> <span class='ocrx_word' id='word_1_166' title='bbox 226 1442 472 1508; x_wconf 79' lang='lat' dir='ltr'>consensionem</span> <span class='ocrx_word' id='word_1_167' title='bbox 505 1442 592 1524; x_wconf 90' lang='lat' dir='ltr'>piam</span> <span class='ocrx_word' id='word_1_168' title='bbox 620 1454 765 1508; x_wconf 85' lang='lat' dir='ltr'>sanctam</span> <span class='ocrx_word' id='word_1_169' title='bbox 797 1465 834 1508; x_wconf 90' lang='lat' dir='ltr'>ao</span> <span class='ocrx_word' id='word_1_170' title='bbox 867 1442 1040 1508; x_wconf 89' lang='lat' dir='ltr'>dilucidam</span> <span class='ocrx_word' id='word_1_171' title='bbox 1092 1447 1145 1520; x_wconf 88' lang='lat' dir='ltr'>(ut</span> <span class='ocrx_word' id='word_1_172' title='bbox 1165 1443 1357 1524; x_wconf 87' lang='lat' dir='ltr'>loquuntur)</span> <span class='ocrx_word' id='word_1_173' title='bbox 1388 1444 1444 1508; x_wconf 86' lang='lat' dir='ltr'>sed</span> <span class='ocrx_word' id='word_1_174' title='bbox 1467 1444 1683 1508; x_wconf 86' lang='lat' dir='ltr'>exhibitivnm</span> <span class='ocrx_word' id='word_1_175' title='bbox 1705 1466 1833 1526; x_wconf 92' lang='lat' dir='ltr'>quoque</span> <span class='ocrx_word' id='word_1_176' title='bbox 1855 1445 1986 1528; x_wconf 91' lang='lat' dir='ltr'>signum</span> <span class='ocrx_word' id='word_1_177' title='bbox 2009 1447 2061 1523; x_wconf 91' lang='lat' dir='ltr'>sit,</span> 
     </span>
     <span class='ocr_line' id='line_1_15' title="bbox 70 1526 2062 1613; baseline 0.001 -20"><span class='ocrx_word' id='word_1_178' title='bbox 70 1528 258 1594; x_wconf 89' lang='lat' dir='ltr'>coalescatis</span> <span class='ocrx_word' id='word_1_179' title='bbox 287 1528 384 1592; x_wconf 89' lang='lat' dir='ltr'>simul</span> <span class='ocrx_word' id='word_1_180' title='bbox 414 1527 548 1592; x_wconf 85' lang='lat' dir='ltr'>omnes?</span> <span class='ocrx_word' id='word_1_181' title='bbox 603 1527 717 1609; x_wconf 88' lang='lat' dir='ltr'>Neque</span> <span class='ocrx_word' id='word_1_182' title='bbox 746 1530 833 1592; x_wconf 88' lang='lat' dir='ltr'>enirn</span> <span class='ocrx_word' id='word_1_183' title='bbox 864 1529 924 1594; x_wconf 92' lang='lat' dir='ltr'>hoc</span> <span class='ocrx_word' id='word_1_184' title='bbox 945 1529 1042 1593; x_wconf 93' lang='lat' dir='ltr'>modo</span> <span class='ocrx_word' id='word_1_185' title='bbox 1092 1526 1259 1593; x_wconf 89' lang='lat' dir='ltr'>sciendum</span> <span class='ocrx_word' id='word_1_186' title='bbox 1288 1539 1399 1592; x_wconf 90' lang='lat' dir='ltr'>tamen</span> <span class='ocrx_word' id='word_1_187' title='bbox 1426 1531 1642 1613; x_wconf 81' lang='lat' dir='ltr'>metonymice</span> <span class='ocrx_word' id='word_1_188' title='bbox 1671 1532 1778 1594; x_wconf 88' lang='lat' dir='ltr'>vocari</span> <span class='ocrx_word' id='word_1_189' title='bbox 1808 1552 1925 1612; x_wconf 88' lang='lat' dir='ltr'>corpus</span> <span class='ocrx_word' id='word_1_190' title='bbox 1947 1551 2062 1596; x_wconf 88' lang='lat' dir='ltr'>seeun-</span> 
     </span>
     <span class='ocr_line' id='line_1_16' title="bbox 70 1612 2062 1697; baseline 0.002 -19"><span class='ocrx_word' id='word_1_191' title='bbox 70 1613 248 1679; x_wconf 86' lang='lat' dir='ltr'>violabitur</span> <span class='ocrx_word' id='word_1_192' title='bbox 285 1612 442 1678; x_wconf 82' lang='lat' dir='ltr'>consessio</span> <span class='ocrx_word' id='word_1_193' title='bbox 482 1618 689 1697; x_wconf 83' lang='lat' dir='ltr'>Augustana:</span> <span class='ocrx_word' id='word_1_194' title='bbox 725 1623 757 1677; x_wconf 91' lang='lat' dir='ltr'>et</span> <span class='ocrx_word' id='word_1_195' title='bbox 787 1612 981 1692; x_wconf 88' lang='lat' dir='ltr'>Valdenses,</span> <span class='ocrx_word' id='word_1_196' title='bbox 1014 1616 1041 1679; x_wconf 91' lang='lat' dir='ltr'>si</span> <span class='ocrx_word' id='word_1_197' title='bbox 1092 1612 1168 1678; x_wconf 91' lang='lat' dir='ltr'>dum</span> <span class='ocrx_word' id='word_1_198' title='bbox 1192 1635 1396 1679; x_wconf 89' lang='lat' dir='ltr'>communem</span> <span class='ocrx_word' id='word_1_199' title='bbox 1409 1614 1602 1697; x_wconf 84' lang='lat' dir='ltr'>analogiam,</span> <span class='ocrx_word' id='word_1_200' title='bbox 1622 1636 1704 1697; x_wconf 90' lang='lat' dir='ltr'>quae</span> <span class='ocrx_word' id='word_1_201' title='bbox 1726 1618 1758 1680; x_wconf 95' lang='lat' dir='ltr'>in</span> <span class='ocrx_word' id='word_1_202' title='bbox 1772 1618 1941 1697; x_wconf 89' lang='lat' dir='ltr'>scripturis</span> <span class='ocrx_word' id='word_1_203' title='bbox 1964 1618 2062 1682; x_wconf 88' lang='lat' dir='ltr'>saeris</span> 
     </span>
     <span class='ocr_line' id='line_1_17' title="bbox 70 1699 2063 1784; baseline 0.001 -20"><span class='ocrx_word' id='word_1_204' title='bbox 70 1708 159 1764; x_wconf 89' lang='lat' dir='ltr'>recte</span> <span class='ocrx_word' id='word_1_205' title='bbox 187 1700 341 1775; x_wconf 87' lang='lat' dir='ltr'>sentiunt,</span> <span class='ocrx_word' id='word_1_206' title='bbox 376 1699 542 1764; x_wconf 90' lang='lat' dir='ltr'>commode</span> <span class='ocrx_word' id='word_1_207' title='bbox 571 1700 662 1763; x_wconf 90' lang='lat' dir='ltr'>nulla</span> <span class='ocrx_word' id='word_1_208' title='bbox 684 1721 743 1764; x_wconf 88' lang='lat' dir='ltr'>sua</span> <span class='ocrx_word' id='word_1_209' title='bbox 771 1700 896 1764; x_wconf 87' lang='lat' dir='ltr'>iactura</span> <span class='ocrx_word' id='word_1_210' title='bbox 918 1700 1043 1764; x_wconf 89' lang='lat' dir='ltr'>diluent</span> <span class='ocrx_word' id='word_1_211' title='bbox 1093 1701 1214 1782; x_wconf 90' lang='lat' dir='ltr'>passim</span> <span class='ocrx_word' id='word_1_212' title='bbox 1238 1701 1379 1765; x_wconf 87' lang='lat' dir='ltr'>occurrit</span> <span class='ocrx_word' id='word_1_213' title='bbox 1406 1701 1604 1783; x_wconf 88' lang='lat' dir='ltr'>intersigna</span> <span class='ocrx_word' id='word_1_214' title='bbox 1625 1715 1658 1764; x_wconf 90' lang='lat' dir='ltr'>et</span> <span class='ocrx_word' id='word_1_215' title='bbox 1680 1722 1733 1765; x_wconf 89' lang='lat' dir='ltr'>res</span> <span class='ocrx_word' id='word_1_216' title='bbox 1756 1703 1910 1782; x_wconf 87' lang='lat' dir='ltr'>signatae.</span> <span class='ocrx_word' id='word_1_217' title='bbox 1955 1704 2063 1784; x_wconf 84' lang='lat' dir='ltr'>Atque</span> 
     </span>
     <span class='ocr_line' id='line_1_18' title="bbox 71 1784 2063 1870; baseline 0.002 -21"><span class='ocrx_word' id='word_1_218' title='bbox 71 1786 292 1862; x_wconf 87' lang='lat' dir='ltr'>offensionem,</span> <span class='ocrx_word' id='word_1_219' title='bbox 326 1806 408 1866; x_wconf 86' lang='lat' dir='ltr'>quae</span> <span class='ocrx_word' id='word_1_220' title='bbox 437 1807 477 1847; x_wconf 88' lang='lat' dir='ltr'>ex</span> <span class='ocrx_word' id='word_1_221' title='bbox 505 1784 659 1849; x_wconf 90' lang='lat' dir='ltr'>brevibus</span> <span class='ocrx_word' id='word_1_222' title='bbox 688 1795 721 1849; x_wconf 90' lang='lat' dir='ltr'>et</span> <span class='ocrx_word' id='word_1_223' title='bbox 752 1785 898 1850; x_wconf 88' lang='lat' dir='ltr'>obscuris</span> <span class='ocrx_word' id='word_1_224' title='bbox 930 1807 1041 1850; x_wconf 91' lang='lat' dir='ltr'>eorum</span> <span class='ocrx_word' id='word_1_225' title='bbox 1093 1785 1173 1849; x_wconf 89' lang='lat' dir='ltr'>haee</span> <span class='ocrx_word' id='word_1_226' title='bbox 1202 1785 1380 1850; x_wconf 86' lang='lat' dir='ltr'>moderatio</span> <span class='ocrx_word' id='word_1_227' title='bbox 1409 1786 1543 1869; x_wconf 90' lang='lat' dir='ltr'>indigne</span> <span class='ocrx_word' id='word_1_228' title='bbox 1574 1787 1634 1850; x_wconf 90' lang='lat' dir='ltr'>hac</span> <span class='ocrx_word' id='word_1_229' title='bbox 1656 1786 1818 1850; x_wconf 88' lang='lat' dir='ltr'>calumnia</span> <span class='ocrx_word' id='word_1_230' title='bbox 1839 1798 2004 1870; x_wconf 86' lang='lat' dir='ltr'>gravatur,</span> <span class='ocrx_word' id='word_1_231' title='bbox 2026 1810 2063 1852; x_wconf 89' lang='lat' dir='ltr'>ae</span> 
     </span>
     <span class='ocr_line' id='line_1_19' title="bbox 70 1869 2064 1955; baseline 0.001 -20"><span class='ocrx_word' id='word_1_232' title='bbox 70 1870 182 1935; x_wconf 82' lang='lat' dir='ltr'>verbis</span> <span class='ocrx_word' id='word_1_233' title='bbox 203 1871 322 1953; x_wconf 82' lang='lat' dir='ltr'>alioqui</span> <span class='ocrx_word' id='word_1_234' title='bbox 345 1871 468 1951; x_wconf 88' lang='lat' dir='ltr'>concipi</span> <span class='ocrx_word' id='word_1_235' title='bbox 491 1879 613 1952; x_wconf 88' lang='lat' dir='ltr'>posset:</span> <span class='ocrx_word' id='word_1_236' title='bbox 637 1891 719 1952; x_wconf 90' lang='lat' dir='ltr'>qnae</span> <span class='ocrx_word' id='word_1_237' title='bbox 731 1873 958 1952; x_wconf 84' lang='lat' dir='ltr'>opportunitas</span> <span class='ocrx_word' id='word_1_238' title='bbox 975 1892 1043 1936; x_wconf 90' lang='lat' dir='ltr'>me·</span> <span class='ocrx_word' id='word_1_239' title='bbox 1092 1871 1120 1935; x_wconf 90' lang='lat' dir='ltr'>si</span> <span class='ocrx_word' id='word_1_240' title='bbox 1143 1869 1218 1935; x_wconf 91' lang='lat' dir='ltr'>fidei</span> <span class='ocrx_word' id='word_1_241' title='bbox 1240 1872 1353 1955; x_wconf 88' lang='lat' dir='ltr'>iugum</span> <span class='ocrx_word' id='word_1_242' title='bbox 1379 1872 1523 1937; x_wconf 90' lang='lat' dir='ltr'>excutiat</span> <span class='ocrx_word' id='word_1_243' title='bbox 1557 1894 1598 1936; x_wconf 86' lang='lat' dir='ltr'>ex</span> <span class='ocrx_word' id='word_1_244' title='bbox 1627 1872 1796 1936; x_wconf 90' lang='lat' dir='ltr'>hominum</span> <span class='ocrx_word' id='word_1_245' title='bbox 1825 1873 1984 1949; x_wconf 90' lang='lat' dir='ltr'>cordibus,</span> <span class='ocrx_word' id='word_1_246' title='bbox 2011 1873 2064 1937; x_wconf 86' lang='lat' dir='ltr'>vel</span> 
     </span>
     <span class='ocr_line' id='line_1_20' title="bbox 70 1955 2061 2040; baseline 0 -19"><span class='ocrx_word' id='word_1_247' title='bbox 70 1956 135 2021; x_wconf 89' lang='lat' dir='ltr'>rito</span> <span class='ocrx_word' id='word_1_248' title='bbox 156 1955 222 2022; x_wconf 90' lang='lat' dir='ltr'>illis</span> <span class='ocrx_word' id='word_1_249' title='bbox 243 1968 293 2021; x_wconf 88' lang='grc'>001</span> <span class='ocrx_word' id='word_1_250' title='bbox 315 1955 465 2039; x_wconf 90' lang='lat' dir='ltr'>optanda.</span> <span class='ocrx_word' id='word_1_251' title='bbox 1092 1966 1286 2021; x_wconf 91' lang='lat' dir='ltr'>extraneum</span> <span class='ocrx_word' id='word_1_252' title='bbox 1309 1956 1440 2039; x_wconf 86' lang='lat' dir='ltr'>aliquod</span> <span class='ocrx_word' id='word_1_253' title='bbox 1468 1958 1628 2040; x_wconf 83' lang='lat' dir='ltr'>glossema</span> <span class='ocrx_word' id='word_1_254' title='bbox 1656 1968 1767 2021; x_wconf 87' lang='lat' dir='ltr'>assuat</span> <span class='ocrx_word' id='word_1_255' title='bbox 1789 1957 1910 2022; x_wconf 82' lang='lat' dir='ltr'>Christi</span> <span class='ocrx_word' id='word_1_256' title='bbox 1941 1959 2061 2023; x_wconf 86' lang='lat' dir='ltr'>verbis:</span> 
     </span>
    </p>

    <p class='ocr_par' dir='ltr' id='par_1_4' title="bbox 71 2042 2065 2209">
     <span class='ocr_line' id='line_1_21' title="bbox 157 2042 2065 2126; baseline -0.001 -20"><span class='ocrx_word' id='word_1_257' title='bbox 157 2042 270 2106; x_wconf 89' lang='lat' dir='ltr'>Primo</span> <span class='ocrx_word' id='word_1_258' title='bbox 298 2042 409 2123; x_wconf 90' lang='lat' dir='ltr'>itaque</span> <span class='ocrx_word' id='word_1_259' title='bbox 438 2042 494 2105; x_wconf 91' lang='lat' dir='ltr'>ubi</span> <span class='ocrx_word' id='word_1_260' title='bbox 522 2042 1042 2125; x_wconf 71' lang='grc'><strong>01010110111011100110111010-</strong></span> <span class='ocrx_word' id='word_1_261' title='bbox 1092 2042 1243 2123; x_wconf 89' lang='lat' dir='ltr'>quoniam</span> <span class='ocrx_word' id='word_1_262' title='bbox 1266 2064 1331 2107; x_wconf 92' lang='lat' dir='ltr'>non</span> <span class='ocrx_word' id='word_1_263' title='bbox 1354 2043 1416 2107; x_wconf 89' lang='lat' dir='ltr'>alio</span> <span class='ocrx_word' id='word_1_264' title='bbox 1444 2042 1636 2106; x_wconf 87' lang='lat' dir='ltr'>documento</span> <span class='ocrx_word' id='word_1_265' title='bbox 1665 2044 1793 2124; x_wconf 90' lang='lat' dir='ltr'>probari</span> <span class='ocrx_word' id='word_1_266' title='bbox 1818 2045 1936 2108; x_wconf 90' lang='lat' dir='ltr'>certius</span> <span class='ocrx_word' id='word_1_267' title='bbox 1959 2052 2065 2126; x_wconf 90' lang='lat' dir='ltr'>potest</span> 
     </span>
     <span class='ocr_line' id='line_1_22' title="bbox 71 2125 2064 2209; baseline 0.001 -19"><span class='ocrx_word' id='word_1_268' title='bbox 71 2129 112 2191; x_wconf 91' lang='lat' dir='ltr'>rii</span> <span class='ocrx_word' id='word_1_269' title='bbox 135 2128 184 2192; x_wconf 91' lang='lat' dir='ltr'>vis</span> <span class='ocrx_word' id='word_1_270' title='bbox 208 2139 242 2191; x_wconf 90' lang='lat' dir='ltr'>et</span> <span class='ocrx_word' id='word_1_271' title='bbox 262 2128 413 2203; x_wconf 85' lang='lat' dir='ltr'>efficacia,</span> <span class='ocrx_word' id='word_1_272' title='bbox 443 2128 608 2191; x_wconf 89' lang='lat' dir='ltr'>luculenta</span> <span class='ocrx_word' id='word_1_273' title='bbox 637 2128 734 2191; x_wconf 89' lang='lat' dir='ltr'>etiam</span> <span class='ocrx_word' id='word_1_274' title='bbox 759 2126 903 2192; x_wconf 88' lang='lat' dir='ltr'>definitio</span> <span class='ocrx_word' id='word_1_275' title='bbox 922 2128 1043 2192; x_wconf 89' lang='lat' dir='ltr'>tradita</span> <span class='ocrx_word' id='word_1_276' title='bbox 1093 2125 1167 2191; x_wconf 89' lang='lat' dir='ltr'>fidei</span> <span class='ocrx_word' id='word_1_277' title='bbox 1189 2128 1397 2209; x_wconf 90' lang='lat' dir='ltr'>obsequium:</span> <span class='ocrx_word' id='word_1_278' title='bbox 1426 2128 1556 2209; x_wconf 91' lang='lat' dir='ltr'>quando</span> <span class='ocrx_word' id='word_1_279' title='bbox 1584 2129 1616 2191; x_wconf 92' lang='lat' dir='ltr'>in</span> <span class='ocrx_word' id='word_1_280' title='bbox 1639 2137 1706 2191; x_wconf 90' lang='lat' dir='ltr'>toto</span> <span class='ocrx_word' id='word_1_281' title='bbox 1729 2127 1876 2193; x_wconf 90' lang='lat' dir='ltr'>eoelestis</span> <span class='ocrx_word' id='word_1_282' title='bbox 1900 2129 2064 2194; x_wconf 90' lang='lat' dir='ltr'>doctrinae</span> 
     </span>
    </p>
   </div>
   <div class='ocr_carea' id='block_1_4' title="bbox 68 2212 1043 4946">
    <p class='ocr_par' dir='ltr' id='par_1_5' title="bbox 68 2212 1043 4946">
     <span class='ocr_line' id='line_1_23' title="bbox 71 2212 1041 2296; baseline 0.002 -19"><span class='ocrx_word' id='word_1_283' title='bbox 71 2214 171 2277; x_wconf 81' lang='lat' dir='ltr'>fuerit</span> <span class='ocrx_word' id='word_1_284' title='bbox 209 2212 249 2277; x_wconf 92' lang='lat' dir='ltr'>de</span> <span class='ocrx_word' id='word_1_285' title='bbox 279 2235 358 2277; x_wconf 84' lang='grc'><strong>1010</strong></span> <span class='ocrx_word' id='word_1_286' title='bbox 386 2212 495 2278; x_wconf 88' lang='lat' dir='ltr'>carnis</span> <span class='ocrx_word' id='word_1_287' title='bbox 524 2224 557 2277; x_wconf 92' lang='lat' dir='ltr'>et</span> <span class='ocrx_word' id='word_1_288' title='bbox 585 2212 756 2296; x_wconf 88' lang='lat' dir='ltr'>sanguinis</span> <span class='ocrx_word' id='word_1_289' title='bbox 785 2214 1041 2295; x_wconf 85' lang='lat' dir='ltr'>participatione,</span> 
     </span>
     <span class='ocr_line' id='line_1_24' title="bbox 73 2297 1042 2382; baseline 0.001 -19"><span class='ocrx_word' id='word_1_290' title='bbox 73 2319 136 2382; x_wconf 86' lang='lat' dir='ltr'>qua</span> <span class='ocrx_word' id='word_1_291' title='bbox 163 2308 288 2364; x_wconf 88' lang='lat' dir='ltr'>constet</span> <span class='ocrx_word' id='word_1_292' title='bbox 318 2298 487 2363; x_wconf 78' lang='lat' dir='ltr'>Christum</span> <span class='ocrx_word' id='word_1_293' title='bbox 512 2320 576 2361; x_wconf 90' lang='lat' dir='ltr'>nan</span> <span class='ocrx_word' id='word_1_294' title='bbox 606 2297 718 2362; x_wconf 91' lang='lat' dir='ltr'>ludere</span> <span class='ocrx_word' id='word_1_295' title='bbox 742 2298 896 2363; x_wconf 89' lang='lat' dir='ltr'>inanibus</span> <span class='ocrx_word' id='word_1_296' title='bbox 917 2300 1042 2382; x_wconf 88' lang='lat' dir='ltr'>figuris,</span> 
     </span>
     <span class='ocr_line' id='line_1_25' title="bbox 71 2383 1043 2467; baseline 0.001 -19"><span class='ocrx_word' id='word_1_297' title='bbox 71 2384 327 2467; x_wconf 89' lang='lat' dir='ltr'>necquidquam</span> <span class='ocrx_word' id='word_1_298' title='bbox 351 2383 509 2449; x_wconf 83' lang='lat' dir='ltr'>fallaciter</span> <span class='ocrx_word' id='word_1_299' title='bbox 521 2385 721 2466; x_wconf 90' lang='lat' dir='ltr'>promittere,</span> <span class='ocrx_word' id='word_1_300' title='bbox 746 2383 801 2448; x_wconf 91' lang='lat' dir='ltr'>sed</span> <span class='ocrx_word' id='word_1_301' title='bbox 824 2399 990 2466; x_wconf 84' lang='lat' dir='ltr'>praestare</span> <span class='ocrx_word' id='word_1_302' title='bbox 1006 2406 1043 2450; x_wconf 91' lang='grc'>10</span> 
     </span>
     <span class='ocr_line' id='line_1_26' title="bbox 71 2468 1042 2553; baseline 0.001 -19"><span class='ocrx_word' id='word_1_303' title='bbox 71 2471 144 2553; x_wconf 86' lang='lat' dir='ltr'>ipsa</span> <span class='ocrx_word' id='word_1_304' title='bbox 166 2469 249 2552; x_wconf 90' lang='lat' dir='ltr'>quod</span> <span class='ocrx_word' id='word_1_305' title='bbox 272 2491 330 2552; x_wconf 89' lang='lat' dir='ltr'>per</span> <span class='ocrx_word' id='word_1_306' title='bbox 352 2480 487 2533; x_wconf 90' lang='lat' dir='ltr'>externa</span> <span class='ocrx_word' id='word_1_307' title='bbox 509 2468 658 2552; x_wconf 86' lang='lat' dir='ltr'>symbola</span> <span class='ocrx_word' id='word_1_308' title='bbox 680 2478 826 2546; x_wconf 90' lang='lat' dir='ltr'>testatur,</span> <span class='ocrx_word' id='word_1_309' title='bbox 849 2471 964 2535; x_wconf 89' lang='lat' dir='ltr'>saltem</span> <span class='ocrx_word' id='word_1_310' title='bbox 986 2469 1042 2535; x_wconf 92' lang='lat' dir='ltr'>ad·</span> 
     </span>
     <span class='ocr_line' id='line_1_27' title="bbox 73 2554 1043 2636; baseline 0 -17"><span class='ocrx_word' id='word_1_311' title='bbox 73 2554 181 2621; x_wconf 89' lang='lat' dir='ltr'>denda</span> <span class='ocrx_word' id='word_1_312' title='bbox 203 2569 288 2620; x_wconf 90' lang='lat' dir='ltr'>osset</span> <span class='ocrx_word' id='word_1_313' title='bbox 309 2556 472 2636; x_wconf 79' lang='lat' dir='ltr'>exceptio:</span> <span class='ocrx_word' id='word_1_314' title='bbox 496 2554 581 2636; x_wconf 88' lang='lat' dir='ltr'>quod</span> <span class='ocrx_word' id='word_1_315' title='bbox 601 2574 674 2620; x_wconf 92' lang='lat' dir='ltr'>caro</span> <span class='ocrx_word' id='word_1_316' title='bbox 686 2555 812 2619; x_wconf 88' lang='lat' dir='ltr'>Christi</span> <span class='ocrx_word' id='word_1_317' title='bbox 832 2557 925 2622; x_wconf 90' lang='lat' dir='ltr'>nobis</span> <span class='ocrx_word' id='word_1_318' title='bbox 945 2556 1043 2621; x_wconf 90' lang='lat' dir='ltr'>datur</span> 
     </span>
     <span class='ocr_line' id='line_1_28' title="bbox 71 2642 1043 2724; baseline 0.003 -20"><span class='ocrx_word' id='word_1_319' title='bbox 71 2643 107 2704; x_wconf 89' lang='lat' dir='ltr'>in</span> <span class='ocrx_word' id='word_1_320' title='bbox 130 2643 237 2707; x_wconf 87' lang='lat' dir='ltr'>cibum</span> <span class='ocrx_word' id='word_1_321' title='bbox 260 2650 294 2704; x_wconf 89' lang='grc'>01</span> <span class='ocrx_word' id='word_1_322' title='bbox 315 2643 449 2724; x_wconf 88' lang='lat' dir='ltr'>sanguis</span> <span class='ocrx_word' id='word_1_323' title='bbox 471 2642 646 2722; x_wconf 86' lang='lat' dir='ltr'>inpetum,</span> <span class='ocrx_word' id='word_1_324' title='bbox 667 2661 785 2705; x_wconf 89' lang='lat' dir='ltr'>areana</span> <span class='ocrx_word' id='word_1_325' title='bbox 807 2650 840 2704; x_wconf 90' lang='lat' dir='ltr'>et</span> <span class='ocrx_word' id='word_1_326' title='bbox 862 2643 1043 2724; x_wconf 84' lang='lat' dir='ltr'>incompre-</span> 
     </span>
     <span class='ocr_line' id='line_1_29' title="bbox 72 2725 1042 2809; baseline 0.001 -18"><span class='ocrx_word' id='word_1_327' title='bbox 72 2727 225 2791; x_wconf 91' lang='lat' dir='ltr'>hensibili</span> <span class='ocrx_word' id='word_1_328' title='bbox 255 2727 389 2809; x_wconf 88' lang='lat' dir='ltr'>spiritus</span> <span class='ocrx_word' id='word_1_329' title='bbox 419 2728 523 2793; x_wconf 90' lang='lat' dir='ltr'>sancti</span> <span class='ocrx_word' id='word_1_330' title='bbox 553 2727 673 2790; x_wconf 87' lang='lat' dir='ltr'>virtute</span> <span class='ocrx_word' id='word_1_331' title='bbox 703 2725 763 2791; x_wconf 94' lang='lat' dir='ltr'>hoe</span> <span class='ocrx_word' id='word_1_332' title='bbox 784 2728 865 2805; x_wconf 85' lang='lat' dir='ltr'>fiori,</span> <span class='ocrx_word' id='word_1_333' title='bbox 888 2747 948 2791; x_wconf 91' lang='lat' dir='ltr'>nee</span> <span class='ocrx_word' id='word_1_334' title='bbox 971 2728 1042 2792; x_wconf 92' lang='lat' dir='ltr'>ideo</span> 
     </span>
     <span class='ocr_line' id='line_1_30' title="bbox 70 2811 1042 2896; baseline 0.002 -20"><span class='ocrx_word' id='word_1_335' title='bbox 70 2811 259 2896; x_wconf 88' lang='lat' dir='ltr'>fingendam</span> <span class='ocrx_word' id='word_1_336' title='bbox 281 2833 351 2877; x_wconf 91' lang='lat' dir='ltr'>esse</span> <span class='ocrx_word' id='word_1_337' title='bbox 380 2812 642 2890; x_wconf 87' lang='lat' dir='ltr'>immensitatem,</span> <span class='ocrx_word' id='word_1_338' title='bbox 671 2832 755 2893; x_wconf 90' lang='lat' dir='ltr'>quae</span> <span class='ocrx_word' id='word_1_339' title='bbox 777 2812 884 2893; x_wconf 90' lang='lat' dir='ltr'>palam</span> <span class='ocrx_word' id='word_1_340' title='bbox 907 2822 1042 2878; x_wconf 87' lang='lat' dir='ltr'>naturae</span> 
     </span>
     <span class='ocr_line' id='line_1_31' title="bbox 70 2897 1042 2981; baseline 0.003 -19"><span class='ocrx_word' id='word_1_341' title='bbox 70 2898 236 2962; x_wconf 89' lang='lat' dir='ltr'>humanae</span> <span class='ocrx_word' id='word_1_342' title='bbox 268 2908 438 2980; x_wconf 90' lang='lat' dir='ltr'>repugnat.</span> <span class='ocrx_word' id='word_1_343' title='bbox 489 2898 557 2962; x_wconf 89' lang='lat' dir='ltr'>Nos</span> <span class='ocrx_word' id='word_1_344' title='bbox 585 2906 672 2963; x_wconf 88' lang='lat' dir='ltr'>certe</span> <span class='ocrx_word' id='word_1_345' title='bbox 689 2897 828 2962; x_wconf 89' lang='lat' dir='ltr'>libenter</span> <span class='ocrx_word' id='word_1_346' title='bbox 858 2899 1042 2981; x_wconf 89' lang='lat' dir='ltr'>recipimus,</span> 
     </span>
     <span class='ocr_line' id='line_1_32' title="bbox 69 2983 1043 3067; baseline 0.001 -20"><span class='ocrx_word' id='word_1_347' title='bbox 69 3005 190 3066; x_wconf 89' lang='lat' dir='ltr'>punem</span> <span class='ocrx_word' id='word_1_348' title='bbox 213 2994 246 3048; x_wconf 93' lang='lat' dir='ltr'>et</span> <span class='ocrx_word' id='word_1_349' title='bbox 273 2983 389 3048; x_wconf 86' lang='lat' dir='ltr'>vinum</span> <span class='ocrx_word' id='word_1_350' title='bbox 418 3005 484 3048; x_wconf 93' lang='lat' dir='ltr'>non</span> <span class='ocrx_word' id='word_1_351' title='bbox 510 2983 605 3049; x_wconf 92' lang='lat' dir='ltr'>modo</span> <span class='ocrx_word' id='word_1_352' title='bbox 632 3003 703 3048; x_wconf 88' lang='lat' dir='ltr'>esse</span> <span class='ocrx_word' id='word_1_353' title='bbox 732 2983 880 3067; x_wconf 81' lang='lat' dir='ltr'>symbola</span> <span class='ocrx_word' id='word_1_354' title='bbox 907 2984 960 3047; x_wconf 84' lang='lat' dir='ltr'>vel</span> <span class='ocrx_word' id='word_1_355' title='bbox 991 3007 1043 3048; x_wconf 92' lang='lat' dir='ltr'>ar·</span> 
     </span>
     <span class='ocr_line' id='line_1_33' title="bbox 71 3067 1043 3153; baseline 0.002 -21"><span class='ocrx_word' id='word_1_356' title='bbox 71 3068 158 3148; x_wconf 88' lang='lat' dir='ltr'>rhas,</span> <span class='ocrx_word' id='word_1_357' title='bbox 181 3068 239 3134; x_wconf 88' lang='lat' dir='ltr'>sed</span> <span class='ocrx_word' id='word_1_358' title='bbox 261 3080 350 3133; x_wconf 89' lang='lat' dir='ltr'>certa</span> <span class='ocrx_word' id='word_1_359' title='bbox 377 3069 560 3133; x_wconf 88' lang='lat' dir='ltr'>testimonia</span> <span class='ocrx_word' id='word_1_360' title='bbox 583 3067 701 3153; x_wconf 90' lang='lat' dir='ltr'>quibus</span> <span class='ocrx_word' id='word_1_361' title='bbox 723 3070 897 3134; x_wconf 88' lang='lat' dir='ltr'>coniuncta</span> <span class='ocrx_word' id='word_1_362' title='bbox 919 3079 968 3134; x_wconf 89' lang='lat' dir='ltr'>est</span> <span class='ocrx_word' id='word_1_363' title='bbox 989 3092 1043 3135; x_wconf 91' lang='lat' dir='ltr'>ea·</span> 
     </span>
     <span class='ocr_line' id='line_1_34' title="bbox 69 3154 1042 3236; baseline 0.002 -18"><span class='ocrx_word' id='word_1_364' title='bbox 69 3158 183 3233; x_wconf 70' lang='grc'><strong>101113)</strong></span> <span class='ocrx_word' id='word_1_365' title='bbox 216 3175 325 3219; x_wconf 91' lang='lat' dir='ltr'>rerum</span> <span class='ocrx_word' id='word_1_366' title='bbox 363 3154 536 3220; x_wconf 88' lang='lat' dir='ltr'>exhibitio:</span> <span class='ocrx_word' id='word_1_367' title='bbox 574 3156 620 3218; x_wconf 91' lang='lat' dir='ltr'>ita</span> <span class='ocrx_word' id='word_1_368' title='bbox 652 3155 791 3219; x_wconf 82' lang='lat' dir='ltr'>fatemur</span> <span class='ocrx_word' id='word_1_369' title='bbox 823 3175 939 3236; x_wconf 91' lang='lat' dir='ltr'>panem</span> <span class='ocrx_word' id='word_1_370' title='bbox 972 3177 1042 3221; x_wconf 89' lang='lat' dir='ltr'>esse</span> 
     </span>
     <span class='ocr_line' id='line_1_35' title="bbox 69 3240 1042 3324; baseline -0.001 -19"><span class='ocrx_word' id='word_1_371' title='bbox 69 3261 188 3323; x_wconf 90' lang='lat' dir='ltr'>eorpus</span> <span class='ocrx_word' id='word_1_372' title='bbox 210 3240 345 3317; x_wconf 84' lang='lat' dir='ltr'>Christi,</span> <span class='ocrx_word' id='word_1_373' title='bbox 368 3247 402 3304; x_wconf 91' lang='lat' dir='ltr'>et</span> <span class='ocrx_word' id='word_1_374' title='bbox 422 3241 536 3304; x_wconf 84' lang='lat' dir='ltr'>vinum</span> <span class='ocrx_word' id='word_1_375' title='bbox 549 3241 751 3323; x_wconf 86' lang='lat' dir='ltr'>sanguinem,</span> <span class='ocrx_word' id='word_1_376' title='bbox 774 3240 1042 3324; x_wconf 82' lang='lat' dir='ltr'>quiahaecsym·</span> 
     </span>
     <span class='ocr_line' id='line_1_36' title="bbox 69 3325 1043 3410; baseline 0.001 -18"><span class='ocrx_word' id='word_1_377' title='bbox 69 3327 145 3392; x_wconf 88' lang='lat' dir='ltr'>bola</span> <span class='ocrx_word' id='word_1_378' title='bbox 166 3327 260 3392; x_wconf 89' lang='lat' dir='ltr'>nobis</span> <span class='ocrx_word' id='word_1_379' title='bbox 282 3325 476 3410; x_wconf 86' lang='lat' dir='ltr'>porrigendo</span> <span class='ocrx_word' id='word_1_380' title='bbox 498 3326 651 3392; x_wconf 88' lang='lat' dir='ltr'>Christus</span> <span class='ocrx_word' id='word_1_381' title='bbox 668 3346 745 3391; x_wconf 87' lang='lat' dir='ltr'>vere</span> <span class='ocrx_word' id='word_1_382' title='bbox 767 3327 892 3391; x_wconf 88' lang='lat' dir='ltr'>animas</span> <span class='ocrx_word' id='word_1_383' title='bbox 914 3339 1043 3393; x_wconf 87' lang='lat' dir='ltr'>nostras</span> 
     </span>
     <span class='ocr_line' id='line_1_37' title="bbox 69 3411 1042 3495; baseline 0 -19"><span class='ocrx_word' id='word_1_384' title='bbox 69 3432 168 3477; x_wconf 88' lang='lat' dir='ltr'>carne</span> <span class='ocrx_word' id='word_1_385' title='bbox 190 3432 248 3478; x_wconf 87' lang='lat' dir='ltr'>sua</span> <span class='ocrx_word' id='word_1_386' title='bbox 270 3413 492 3495; x_wconf 86' lang='lat' dir='ltr'>sanguineque</span> <span class='ocrx_word' id='word_1_387' title='bbox 513 3412 625 3494; x_wconf 89' lang='lat' dir='ltr'>pascit.</span> <span class='ocrx_word' id='word_1_388' title='bbox 671 3411 829 3476; x_wconf 87' lang='lat' dir='ltr'>Libenter</span> <span class='ocrx_word' id='word_1_389' title='bbox 851 3414 948 3476; x_wconf 89' lang='lat' dir='ltr'>etiam</span> <span class='ocrx_word' id='word_1_390' title='bbox 967 3414 1042 3476; x_wconf 88' lang='grc'><strong>1011-</strong></span> 
     </span>
     <span class='ocr_line' id='line_1_38' title="bbox 71 3497 1041 3581; baseline 0.001 -19"><span class='ocrx_word' id='word_1_391' title='bbox 71 3519 153 3576; x_wconf 91' lang='lat' dir='ltr'>mus,</span> <span class='ocrx_word' id='word_1_392' title='bbox 184 3497 262 3561; x_wconf 89' lang='lat' dir='ltr'>dum</span> <span class='ocrx_word' id='word_1_393' title='bbox 295 3497 473 3581; x_wconf 88' lang='lat' dir='ltr'>spiritualis</span> <span class='ocrx_word' id='word_1_394' title='bbox 506 3505 643 3562; x_wconf 84' lang='lat' dir='ltr'>vocatur</span> <span class='ocrx_word' id='word_1_395' title='bbox 672 3497 753 3563; x_wconf 86' lang='lat' dir='ltr'>haec</span> <span class='ocrx_word' id='word_1_396' title='bbox 781 3498 1041 3576; x_wconf 90' lang='lat' dir='ltr'>communicatio,</span> 
     </span>
     <span class='ocr_line' id='line_1_39' title="bbox 69 3581 1041 3666; baseline 0.002 -20"><span class='ocrx_word' id='word_1_397' title='bbox 69 3584 370 3666; x_wconf 87' lang='lat' dir='ltr'>interpretationem</span> <span class='ocrx_word' id='word_1_398' title='bbox 400 3581 548 3666; x_wconf 83' lang='lat' dir='ltr'>adiungi:</span> <span class='ocrx_word' id='word_1_399' title='bbox 581 3583 643 3648; x_wconf 89' lang='lat' dir='ltr'>hac</span> <span class='ocrx_word' id='word_1_400' title='bbox 665 3604 742 3648; x_wconf 87' lang='grc'><strong>1000</strong></span> <span class='ocrx_word' id='word_1_401' title='bbox 764 3604 828 3648; x_wconf 93' lang='lat' dir='ltr'>non</span> <span class='ocrx_word' id='word_1_402' title='bbox 852 3582 968 3648; x_wconf 89' lang='lat' dir='ltr'>debere</span> <span class='ocrx_word' id='word_1_403' title='bbox 990 3585 1041 3648; x_wconf 89' lang='lat' dir='ltr'>in-</span> 
     </span>
     <span class='ocr_line' id='line_1_40' title="bbox 70 3668 1041 3752; baseline 0.002 -21"><span class='ocrx_word' id='word_1_404' title='bbox 70 3669 175 3752; x_wconf 89' lang='lat' dir='ltr'>telligi</span> <span class='ocrx_word' id='word_1_405' title='bbox 203 3670 433 3752; x_wconf 83' lang='lat' dir='ltr'>imaginarium</span> <span class='ocrx_word' id='word_1_406' title='bbox 457 3669 565 3734; x_wconf 90' lang='lat' dir='ltr'>neseio</span> <span class='ocrx_word' id='word_1_407' title='bbox 600 3668 694 3751; x_wconf 90' lang='lat' dir='ltr'>quid,</span> <span class='ocrx_word' id='word_1_408' title='bbox 724 3688 761 3733; x_wconf 91' lang='lat' dir='ltr'>ao</span> <span class='ocrx_word' id='word_1_409' title='bbox 788 3670 815 3733; x_wconf 89' lang='lat' dir='ltr'>si</span> <span class='ocrx_word' id='word_1_410' title='bbox 844 3670 1041 3751; x_wconf 83' lang='lat' dir='ltr'>cogitatione</span> 
     </span>
     <span class='ocr_line' id='line_1_41' title="bbox 70 3753 1041 3837; baseline 0.003 -21"><span class='ocrx_word' id='word_1_411' title='bbox 70 3763 197 3818; x_wconf 87' lang='lat' dir='ltr'>tantum</span> <span class='ocrx_word' id='word_1_412' title='bbox 221 3775 366 3820; x_wconf 90' lang='lat' dir='ltr'>essemus</span> <span class='ocrx_word' id='word_1_413' title='bbox 384 3754 507 3820; x_wconf 80' lang='lat' dir='ltr'>Christi</span> <span class='ocrx_word' id='word_1_414' title='bbox 529 3755 720 3837; x_wconf 88' lang='lat' dir='ltr'>participes:</span> <span class='ocrx_word' id='word_1_415' title='bbox 742 3753 798 3818; x_wconf 91' lang='lat' dir='ltr'>sed</span> <span class='ocrx_word' id='word_1_416' title='bbox 817 3756 925 3836; x_wconf 91' lang='lat' dir='ltr'>potius</span> <span class='ocrx_word' id='word_1_417' title='bbox 944 3755 1041 3819; x_wconf 91' lang='lat' dir='ltr'>intel·</span> 
     </span>
     <span class='ocr_line' id='line_1_42' title="bbox 69 3839 1040 3924; baseline 0 -20"><span class='ocrx_word' id='word_1_418' title='bbox 69 3839 130 3924; x_wconf 90' lang='lat' dir='ltr'>ligi</span> <span class='ocrx_word' id='word_1_419' title='bbox 148 3842 319 3906; x_wconf 88' lang='lat' dir='ltr'>coelestem</span> <span class='ocrx_word' id='word_1_420' title='bbox 342 3842 507 3917; x_wconf 85' lang='lat' dir='ltr'>virtutem,</span> <span class='ocrx_word' id='word_1_421' title='bbox 531 3860 613 3922; x_wconf 90' lang='lat' dir='ltr'>quae</span> <span class='ocrx_word' id='word_1_422' title='bbox 641 3859 751 3904; x_wconf 90' lang='lat' dir='ltr'>crassa</span> <span class='ocrx_word' id='word_1_423' title='bbox 775 3850 924 3904; x_wconf 90' lang='lat' dir='ltr'>terrenae</span> <span class='ocrx_word' id='word_1_424' title='bbox 948 3861 1040 3923; x_wconf 88' lang='lat' dir='ltr'>prae·</span> 
     </span>
     <span class='ocr_line' id='line_1_43' title="bbox 69 3924 1041 4010; baseline 0.001 -20"><span class='ocrx_word' id='word_1_425' title='bbox 69 3927 196 3991; x_wconf 88' lang='lat' dir='ltr'>sentiae</span> <span class='ocrx_word' id='word_1_426' title='bbox 229 3927 386 4010; x_wconf 88' lang='lat' dir='ltr'>figmenta</span> <span class='ocrx_word' id='word_1_427' title='bbox 414 3925 572 4005; x_wconf 90' lang='lat' dir='ltr'>excludat,</span> <span class='ocrx_word' id='word_1_428' title='bbox 603 3924 688 3989; x_wconf 91' lang='lat' dir='ltr'>nihil</span> <span class='ocrx_word' id='word_1_429' title='bbox 710 3934 820 3989; x_wconf 87' lang='lat' dir='ltr'>autem</span> <span class='ocrx_word' id='word_1_430' title='bbox 844 3926 971 3989; x_wconf 90' lang='lat' dir='ltr'>minuat</span> <span class='ocrx_word' id='word_1_431' title='bbox 1001 3926 1041 3991; x_wconf 93' lang='lat' dir='ltr'>de</span> 
     </span>
     <span class='ocr_line' id='line_1_44' title="bbox 68 4010 1042 4094; baseline 0.001 -19"><span class='ocrx_word' id='word_1_432' title='bbox 68 4013 141 4094; x_wconf 89' lang='lat' dir='ltr'>ipsa</span> <span class='ocrx_word' id='word_1_433' title='bbox 162 4013 309 4077; x_wconf 81' lang='lat' dir='ltr'>veritate.</span> <span class='ocrx_word' id='word_1_434' title='bbox 355 4010 422 4077; x_wconf 81' lang='lat' dir='ltr'>Sed</span> <span class='ocrx_word' id='word_1_435' title='bbox 455 4012 510 4076; x_wconf 91' lang='lat' dir='ltr'>ubi</span> <span class='ocrx_word' id='word_1_436' title='bbox 540 4011 625 4076; x_wconf 90' lang='lat' dir='ltr'>clare</span> <span class='ocrx_word' id='word_1_437' title='bbox 648 4012 831 4093; x_wconf 90' lang='lat' dir='ltr'>expositum</span> <span class='ocrx_word' id='word_1_438' title='bbox 854 4010 961 4086; x_wconf 85' lang='lat' dir='ltr'>fuerit,</span> <span class='ocrx_word' id='word_1_439' title='bbox 982 4032 1042 4093; x_wconf 90' lang='lat' dir='ltr'>per</span> 
     </span>
     <span class='ocr_line' id='line_1_45' title="bbox 69 4096 1039 4180; baseline 0 -20"><span class='ocrx_word' id='word_1_440' title='bbox 69 4098 219 4180; x_wconf 81' lang='lat' dir='ltr'>symbola</span> <span class='ocrx_word' id='word_1_441' title='bbox 240 4098 333 4179; x_wconf 90' lang='lat' dir='ltr'>panis</span> <span class='ocrx_word' id='word_1_442' title='bbox 355 4108 388 4161; x_wconf 92' lang='grc'>01</span> <span class='ocrx_word' id='word_1_443' title='bbox 410 4099 478 4161; x_wconf 92' lang='lat' dir='ltr'>vini</span> <span class='ocrx_word' id='word_1_444' title='bbox 507 4096 643 4180; x_wconf 89' lang='lat' dir='ltr'>proponi</span> <span class='ocrx_word' id='word_1_445' title='bbox 665 4096 758 4160; x_wconf 87' lang='lat' dir='ltr'>nobis</span> <span class='ocrx_word' id='word_1_446' title='bbox 780 4103 813 4161; x_wconf 92' lang='lat' dir='ltr'>et</span> <span class='ocrx_word' id='word_1_447' title='bbox 835 4119 869 4160; x_wconf 93' lang='lat' dir='ltr'>re</span> <span class='ocrx_word' id='word_1_448' title='bbox 892 4118 971 4160; x_wconf 86' lang='lat' dir='ltr'>vera</span> <span class='ocrx_word' id='word_1_449' title='bbox 993 4097 1039 4161; x_wconf 86' lang='lat' dir='ltr'>of·</span> 
     </span>
     <span class='ocr_line' id='line_1_46' title="bbox 69 4182 1039 4265; baseline 0.001 -20"><span class='ocrx_word' id='word_1_450' title='bbox 69 4182 150 4246; x_wconf 88' lang='lat' dir='ltr'>ferri</span> <span class='ocrx_word' id='word_1_451' title='bbox 173 4183 297 4249; x_wconf 90' lang='lat' dir='ltr'>Christi</span> <span class='ocrx_word' id='word_1_452' title='bbox 315 4204 447 4248; x_wconf 87' lang='lat' dir='ltr'>earnem</span> <span class='ocrx_word' id='word_1_453' title='bbox 470 4191 502 4246; x_wconf 93' lang='lat' dir='ltr'>et</span> <span class='ocrx_word' id='word_1_454' title='bbox 523 4183 714 4265; x_wconf 88' lang='lat' dir='ltr'>sanguinem</span> <span class='ocrx_word' id='word_1_455' title='bbox 738 4183 773 4245; x_wconf 93' lang='lat' dir='ltr'>in</span> <span class='ocrx_word' id='word_1_456' title='bbox 792 4182 963 4264; x_wconf 89' lang='lat' dir='ltr'>spirituale</span> <span class='ocrx_word' id='word_1_457' title='bbox 981 4183 1039 4246; x_wconf 90' lang='lat' dir='ltr'>ali-</span> 
     </span>
     <span class='ocr_line' id='line_1_47' title="bbox 68 4266 1042 4350; baseline 0.002 -19"><span class='ocrx_word' id='word_1_458' title='bbox 68 4277 226 4343; x_wconf 88' lang='lat' dir='ltr'>mentum,</span> <span class='ocrx_word' id='word_1_459' title='bbox 249 4267 397 4343; x_wconf 84' lang='lat' dir='ltr'>absurdis</span> <span class='ocrx_word' id='word_1_460' title='bbox 425 4268 555 4345; x_wconf 87' lang='lat' dir='ltr'>deliriis,</span> <span class='ocrx_word' id='word_1_461' title='bbox 585 4269 703 4350; x_wconf 88' lang='lat' dir='ltr'>quibus</span> <span class='ocrx_word' id='word_1_462' title='bbox 726 4266 884 4334; x_wconf 86' lang='lat' dir='ltr'>fascinata</span> <span class='ocrx_word' id='word_1_463' title='bbox 903 4275 954 4332; x_wconf 88' lang='lat' dir='ltr'>est</span> <span class='ocrx_word' id='word_1_464' title='bbox 975 4290 1042 4333; x_wconf 88' lang='lat' dir='ltr'>ma·</span> 
     </span>
     <span class='ocr_line' id='line_1_48' title="bbox 69 4353 1040 4437; baseline 0.002 -20"><span class='ocrx_word' id='word_1_465' title='bbox 69 4354 121 4417; x_wconf 92' lang='lat' dir='ltr'>ior</span> <span class='ocrx_word' id='word_1_466' title='bbox 141 4375 218 4437; x_wconf 90' lang='lat' dir='ltr'>pars</span> <span class='ocrx_word' id='word_1_467' title='bbox 240 4353 363 4432; x_wconf 91' lang='lat' dir='ltr'>mundi,</span> <span class='ocrx_word' id='word_1_468' title='bbox 393 4355 520 4419; x_wconf 88' lang='lat' dir='ltr'>obviam</span> <span class='ocrx_word' id='word_1_469' title='bbox 543 4354 592 4418; x_wconf 92' lang='lat' dir='ltr'>iro</span> <span class='ocrx_word' id='word_1_470' title='bbox 614 4353 747 4436; x_wconf 89' lang='lat' dir='ltr'>expedit</span> <span class='ocrx_word' id='word_1_471' title='bbox 768 4364 864 4435; x_wconf 90' lang='lat' dir='ltr'>atque</span> <span class='ocrx_word' id='word_1_472' title='bbox 886 4353 966 4418; x_wconf 90' lang='lat' dir='ltr'>adeo</span> <span class='ocrx_word' id='word_1_473' title='bbox 986 4376 1040 4419; x_wconf 90' lang='lat' dir='ltr'>ne-</span> 
     </span>
     <span class='ocr_line' id='line_1_49' title="bbox 70 4439 1040 4522; baseline 0.002 -19"><span class='ocrx_word' id='word_1_474' title='bbox 70 4459 170 4505; x_wconf 83' lang='lat' dir='ltr'>cesse</span> <span class='ocrx_word' id='word_1_475' title='bbox 183 4450 241 4505; x_wconf 88' lang='lat' dir='ltr'>est.</span> <span class='ocrx_word' id='word_1_476' title='bbox 276 4439 392 4521; x_wconf 90' lang='lat' dir='ltr'>Itaque</span> <span class='ocrx_word' id='word_1_477' title='bbox 414 4462 456 4504; x_wconf 90' lang='lat' dir='ltr'>ne</span> <span class='ocrx_word' id='word_1_478' title='bbox 467 4442 611 4522; x_wconf 86' lang='lat' dir='ltr'>fingatur</span> <span class='ocrx_word' id='word_1_479' title='bbox 622 4439 818 4504; x_wconf 90' lang='lat' dir='ltr'>immensum</span> <span class='ocrx_word' id='word_1_480' title='bbox 833 4461 904 4504; x_wconf 90' lang='lat' dir='ltr'>esse</span> <span class='ocrx_word' id='word_1_481' title='bbox 916 4439 1040 4505; x_wconf 79' lang='lat' dir='ltr'>Christi</span> 
     </span>
     <span class='ocr_line' id='line_1_50' title="bbox 70 4524 1039 4608; baseline 0.001 -19"><span class='ocrx_word' id='word_1_482' title='bbox 70 4546 198 4608; x_wconf 88' lang='lat' dir='ltr'>corpus,</span> <span class='ocrx_word' id='word_1_483' title='bbox 226 4535 259 4591; x_wconf 90' lang='lat' dir='ltr'>et</span> <span class='ocrx_word' id='word_1_484' title='bbox 280 4547 351 4591; x_wconf 90' lang='lat' dir='ltr'>esse</span> <span class='ocrx_word' id='word_1_485' title='bbox 372 4524 502 4608; x_wconf 88' lang='lat' dir='ltr'>ubique,</span> <span class='ocrx_word' id='word_1_486' title='bbox 525 4526 617 4608; x_wconf 91' lang='lat' dir='ltr'>quasi</span> <span class='ocrx_word' id='word_1_487' title='bbox 636 4532 787 4589; x_wconf 90' lang='lat' dir='ltr'>naturam</span> <span class='ocrx_word' id='word_1_488' title='bbox 807 4527 960 4603; x_wconf 89' lang='lat' dir='ltr'>exuisset,</span> <span class='ocrx_word' id='word_1_489' title='bbox 984 4547 1039 4590; x_wconf 92' lang='lat' dir='ltr'>ex·</span> 
     </span>
     <span class='ocr_line' id='line_1_51' title="bbox 70 4609 1041 4692; baseline 0.001 -18"><span class='ocrx_word' id='word_1_490' title='bbox 70 4609 242 4692; x_wconf 88' lang='lat' dir='ltr'>plicandus</span> <span class='ocrx_word' id='word_1_491' title='bbox 271 4621 321 4676; x_wconf 90' lang='lat' dir='ltr'>est</span> <span class='ocrx_word' id='word_1_492' title='bbox 343 4611 646 4677; x_wconf 90' lang='lat' dir='ltr'>communicationis</span> <span class='ocrx_word' id='word_1_493' title='bbox 668 4609 793 4675; x_wconf 90' lang='lat' dir='ltr'>modus.</span> <span class='ocrx_word' id='word_1_494' title='bbox 838 4609 934 4692; x_wconf 80' lang='lat' dir='ltr'>Quod</span> <span class='ocrx_word' id='word_1_495' title='bbox 958 4611 1041 4677; x_wconf 89' lang='lat' dir='ltr'>seili-</span> 
     </span>
     <span class='ocr_line' id='line_1_52' title="bbox 70 4696 1040 4778; baseline -0.001 -17"><span class='ocrx_word' id='word_1_496' title='bbox 70 4705 122 4761; x_wconf 92' lang='lat' dir='ltr'>cet</span> <span class='ocrx_word' id='word_1_497' title='bbox 150 4696 302 4762; x_wconf 88' lang='lat' dir='ltr'>Christus</span> <span class='ocrx_word' id='word_1_498' title='bbox 332 4697 511 4763; x_wconf 89' lang='lat' dir='ltr'>seeundum</span> <span class='ocrx_word' id='word_1_499' title='bbox 539 4716 655 4778; x_wconf 87' lang='lat' dir='ltr'>corpus</span> <span class='ocrx_word' id='word_1_500' title='bbox 684 4717 781 4760; x_wconf 89' lang='lat' dir='ltr'>suum</span> <span class='ocrx_word' id='word_1_501' title='bbox 809 4696 842 4760; x_wconf 92' lang='lat' dir='ltr'>in</span> <span class='ocrx_word' id='word_1_502' title='bbox 861 4697 949 4762; x_wconf 91' lang='lat' dir='ltr'>coelo</span> <span class='ocrx_word' id='word_1_503' title='bbox 971 4716 1040 4760; x_wconf 87' lang='lat' dir='ltr'>rna·</span> 
     </span>
     <span class='ocr_line' id='line_1_53' title="bbox 70 4781 1039 4864; baseline 0.002 -19"><span class='ocrx_word' id='word_1_504' title='bbox 70 4803 163 4864; x_wconf 87' lang='lat' dir='ltr'>nens,</span> <span class='ocrx_word' id='word_1_505' title='bbox 186 4782 369 4850; x_wconf 89' lang='lat' dir='ltr'>admirabili</span> <span class='ocrx_word' id='word_1_506' title='bbox 392 4782 528 4864; x_wconf 89' lang='lat' dir='ltr'>spiritus</span> <span class='ocrx_word' id='word_1_507' title='bbox 545 4782 597 4847; x_wconf 92' lang='lat' dir='ltr'>sui</span> <span class='ocrx_word' id='word_1_508' title='bbox 619 4782 741 4846; x_wconf 89' lang='lat' dir='ltr'>virtute</span> <span class='ocrx_word' id='word_1_509' title='bbox 763 4781 803 4845; x_wconf 88' lang='lat' dir='ltr'>ad</span> <span class='ocrx_word' id='word_1_510' title='bbox 825 4803 885 4847; x_wconf 90' lang='lat' dir='ltr'>nos</span> <span class='ocrx_word' id='word_1_511' title='bbox 907 4781 1039 4847; x_wconf 90' lang='lat' dir='ltr'>descen·</span> 
     </span>
     <span class='ocr_line' id='line_1_54' title="bbox 72 4866 1040 4946; baseline 0.002 -15"><span class='ocrx_word' id='word_1_512' title='bbox 72 4866 128 4946; x_wconf 90' lang='lat' dir='ltr'>dit,</span> <span class='ocrx_word' id='word_1_513' title='bbox 158 4881 191 4935; x_wconf 92' lang='lat' dir='ltr'>et</span> <span class='ocrx_word' id='word_1_514' title='bbox 219 4869 315 4934; x_wconf 91' lang='lat' dir='ltr'>simul</span> <span class='ocrx_word' id='word_1_515' title='bbox 338 4889 398 4934; x_wconf 92' lang='lat' dir='ltr'>nos</span> <span class='ocrx_word' id='word_1_516' title='bbox 426 4867 467 4932; x_wconf 87' lang='lat' dir='ltr'>ad</span> <span class='ocrx_word' id='word_1_517' title='bbox 489 4888 524 4932; x_wconf 91' lang='lat' dir='ltr'>se</span> <span class='ocrx_word' id='word_1_518' title='bbox 546 4889 675 4934; x_wconf 89' lang='lat' dir='ltr'>sursum</span> <span class='ocrx_word' id='word_1_519' title='bbox 698 4866 826 4932; x_wconf 89' lang='lat' dir='ltr'>attollit.</span> <span class='ocrx_word' id='word_1_520' title='bbox 871 4867 957 4930; x_wconf 90' lang='lat' dir='ltr'>Nam</span> <span class='ocrx_word' id='word_1_521' title='bbox 978 4867 1040 4933; x_wconf 92' lang='lat' dir='ltr'>hoc</span> 
     </span>
    </p>
   </div>
   <div class='ocr_carea' id='block_1_5' title="bbox 71 5158 1038 5289">
    <p class='ocr_par' dir='ltr' id='par_1_6' title="bbox 71 5158 1038 5289">
     <span class='ocr_line' id='line_1_55' title="bbox 173 5158 1038 5230; baseline -0.005 -14"><span class='ocrx_word' id='word_1_522' title='bbox 173 5161 203 5230; x_wconf 87' lang='lat'>8)</span> <span class='ocrx_word' id='word_1_523' title='bbox 222 5159 367 5218; x_wconf 69' lang='grc'><strong>011010.</strong></span> <span class='ocrx_word' id='word_1_524' title='bbox 394 5158 515 5213; x_wconf 83' lang='lat' dir='ltr'>Alterum</span> <span class='ocrx_word' id='word_1_525' title='bbox 525 5159 661 5226; x_wconf 66' lang='lat' dir='ltr'>exemplar</span> <span class='ocrx_word' id='word_1_526' title='bbox 676 5158 800 5226; x_wconf 79' lang='lat' dir='ltr'>praebet:</span> <span class='ocrx_word' id='word_1_527' title='bbox 819 5173 951 5226; x_wconf 84' lang='lat' dir='ltr'>verarum,</span> <span class='ocrx_word' id='word_1_528' title='bbox 967 5173 1038 5212; x_wconf 78' lang='lat' dir='ltr'>mea-</span> 
     </span>
     <span class='ocr_line' id='line_1_56' title="bbox 71 5230 344 5289; baseline -0.026 -1"><span class='ocrx_word' id='word_1_529' title='bbox 71 5234 143 5289; x_wconf 80' lang='lat' dir='ltr'>doee.</span> <span class='ocrx_word' id='word_1_530' title='bbox 179 5230 252 5285; x_wconf 72' lang='lat' dir='ltr'>Edu.</span> <span class='ocrx_word' id='word_1_531' title='bbox 271 5246 344 5282; x_wconf 82' lang='lat' dir='ltr'>vera.</span> 
     </span>
    </p>
   </div>
   <div class='ocr_carea' id='block_1_6' title="bbox 1090 2213 2109 4944">
    <p class='ocr_par' dir='ltr' id='par_1_7' title="bbox 1092 2213 2109 3833">
     <span class='ocr_line' id='line_1_57' title="bbox 1093 2213 2066 2297; baseline 0.001 -22"><span class='ocrx_word' id='word_1_532' title='bbox 1093 2223 1205 2277; x_wconf 89' lang='lat' dir='ltr'>tenore</span> <span class='ocrx_word' id='word_1_533' title='bbox 1235 2213 1407 2277; x_wconf 89' lang='lat' dir='ltr'>harmonia</span> <span class='ocrx_word' id='word_1_534' title='bbox 1427 2214 1603 2295; x_wconf 90' lang='lat' dir='ltr'>quaeritur,</span> <span class='ocrx_word' id='word_1_535' title='bbox 1626 2235 1708 2295; x_wconf 89' lang='lat' dir='ltr'>quae</span> <span class='ocrx_word' id='word_1_536' title='bbox 1731 2236 1859 2277; x_wconf 75' lang='lat' dir='ltr'>enarrem</span> <span class='ocrx_word' id='word_1_537' title='bbox 1883 2236 2066 2297; x_wconf 89' lang='lat' dir='ltr'>repugnan-</span> 
     </span>
     <span class='ocr_line' id='line_1_58' title="bbox 1093 2297 2065 2381; baseline 0.002 -20"><span class='ocrx_word' id='word_1_538' title='bbox 1093 2299 1157 2362; x_wconf 90' lang='lat' dir='ltr'>tiae</span> <span class='ocrx_word' id='word_1_539' title='bbox 1180 2299 1320 2381; x_wconf 90' lang='lat' dir='ltr'>speoiem</span> <span class='ocrx_word' id='word_1_540' title='bbox 1350 2297 1508 2364; x_wconf 88' lang='lat' dir='ltr'>discutiat</span> <span class='ocrx_word' id='word_1_541' title='bbox 1546 2299 1615 2364; x_wconf 91' lang='lat' dir='ltr'>Nee</span> <span class='ocrx_word' id='word_1_542' title='bbox 1637 2301 1746 2362; x_wconf 91' lang='lat' dir='ltr'>minus</span> <span class='ocrx_word' id='word_1_543' title='bbox 1768 2300 1869 2363; x_wconf 87' lang='lat' dir='ltr'>futilis</span> <span class='ocrx_word' id='word_1_544' title='bbox 1888 2311 1937 2363; x_wconf 87' lang='lat' dir='ltr'>est</span> <span class='ocrx_word' id='word_1_545' title='bbox 1959 2300 2065 2363; x_wconf 91' lang='lat' dir='ltr'>obiee-</span> 
     </span>
     <span class='ocr_line' id='line_1_59' title="bbox 1093 2383 2066 2466; baseline 0 -19"><span class='ocrx_word' id='word_1_546' title='bbox 1093 2384 1149 2462; x_wconf 90' lang='lat' dir='ltr'>tio,</span> <span class='ocrx_word' id='word_1_547' title='bbox 1179 2384 1256 2448; x_wconf 89' lang='lat' dir='ltr'>dnm</span> <span class='ocrx_word' id='word_1_548' title='bbox 1286 2384 1376 2449; x_wconf 85' lang='lat' dir='ltr'>falsis</span> <span class='ocrx_word' id='word_1_549' title='bbox 1409 2385 1604 2449; x_wconf 90' lang='lat' dir='ltr'>commentis</span> <span class='ocrx_word' id='word_1_550' title='bbox 1637 2385 1817 2448; x_wconf 89' lang='lat' dir='ltr'>occurritur</span> <span class='ocrx_word' id='word_1_551' title='bbox 1851 2385 1961 2466; x_wconf 91' lang='lat' dir='ltr'>(quale</span> <span class='ocrx_word' id='word_1_552' title='bbox 1983 2383 2066 2448; x_wconf 93' lang='lat' dir='ltr'>illud</span> 
     </span>
     <span class='ocr_line' id='line_1_60' title="bbox 1093 2468 2065 2554; baseline 0 -21"><span class='ocrx_word' id='word_1_553' title='bbox 1093 2478 1144 2535; x_wconf 90' lang='lat' dir='ltr'>est</span> <span class='ocrx_word' id='word_1_554' title='bbox 1165 2470 1205 2534; x_wconf 92' lang='lat' dir='ltr'>de</span> <span class='ocrx_word' id='word_1_555' title='bbox 1217 2470 1384 2541; x_wconf 86' lang='lat' dir='ltr'>immenso</span> <span class='ocrx_word' id='word_1_556' title='bbox 1402 2469 1526 2534; x_wconf 88' lang='lat' dir='ltr'>Christi</span> <span class='ocrx_word' id='word_1_557' title='bbox 1544 2468 1692 2554; x_wconf 88' lang='lat' dir='ltr'>corpore)</span> <span class='ocrx_word' id='word_1_558' title='bbox 1706 2472 1864 2533; x_wconf 88' lang='lat' dir='ltr'>rationem</span> <span class='ocrx_word' id='word_1_559' title='bbox 1887 2469 2065 2533; x_wconf 88' lang='lat' dir='ltr'>humanam</span> 
     </span>
     <span class='ocr_line' id='line_1_61' title="bbox 1094 2554 2066 2638; baseline 0.001 -20"><span class='ocrx_word' id='word_1_560' title='bbox 1094 2556 1251 2636; x_wconf 85' lang='lat' dir='ltr'>praeferri</span> <span class='ocrx_word' id='word_1_561' title='bbox 1260 2555 1323 2620; x_wconf 90' lang='lat' dir='ltr'>Dei</span> <span class='ocrx_word' id='word_1_562' title='bbox 1347 2554 1463 2620; x_wconf 83' lang='lat' dir='ltr'>verbo:</span> <span class='ocrx_word' id='word_1_563' title='bbox 1487 2557 1563 2636; x_wconf 87' lang='lat' dir='ltr'>quia</span> <span class='ocrx_word' id='word_1_564' title='bbox 1575 2576 1680 2636; x_wconf 91' lang='lat' dir='ltr'>neque</span> <span class='ocrx_word' id='word_1_565' title='bbox 1703 2556 1825 2638; x_wconf 89' lang='lat' dir='ltr'>ingenii</span> <span class='ocrx_word' id='word_1_566' title='bbox 1846 2556 1950 2619; x_wconf 89' lang='lat' dir='ltr'>nostri</span> <span class='ocrx_word' id='word_1_567' title='bbox 1968 2564 2066 2637; x_wconf 89' lang='lat' dir='ltr'>captu</span> 
     </span>
     <span class='ocr_line' id='line_1_62' title="bbox 1095 2641 2066 2724; baseline 0.003 -21"><span class='ocrx_word' id='word_1_568' title='bbox 1095 2641 1249 2705; x_wconf 90' lang='lat' dir='ltr'>metimur</span> <span class='ocrx_word' id='word_1_569' title='bbox 1278 2641 1468 2724; x_wconf 81' lang='lat' dir='ltr'>mysterium</span> <span class='ocrx_word' id='word_1_570' title='bbox 1500 2641 1559 2705; x_wconf 89' lang='lat' dir='ltr'>hoe</span> <span class='ocrx_word' id='word_1_571' title='bbox 1593 2641 1927 2723; x_wconf 85' lang='lat' dir='ltr'>incomprehensibile,</span> <span class='ocrx_word' id='word_1_572' title='bbox 1961 2662 2066 2722; x_wconf 90' lang='lat' dir='ltr'>neque</span> 
     </span>
     <span class='ocr_line' id='line_1_63' title="bbox 1095 2725 2066 2808; baseline 0 -18"><span class='ocrx_word' id='word_1_573' title='bbox 1095 2727 1314 2808; x_wconf 88' lang='lat' dir='ltr'>quaestionem</span> <span class='ocrx_word' id='word_1_574' title='bbox 1348 2746 1518 2791; x_wconf 84' lang='lat' dir='ltr'>moremus</span> <span class='ocrx_word' id='word_1_575' title='bbox 1548 2726 1587 2789; x_wconf 92' lang='lat' dir='ltr'>do</span> <span class='ocrx_word' id='word_1_576' title='bbox 1611 2727 1756 2808; x_wconf 86' lang='lat' dir='ltr'>potentie</span> <span class='ocrx_word' id='word_1_577' title='bbox 1786 2725 1859 2802; x_wconf 88' lang='lat' dir='ltr'>Dei,</span> <span class='ocrx_word' id='word_1_578' title='bbox 1884 2748 1989 2808; x_wconf 89' lang='lat' dir='ltr'>neque</span> <span class='ocrx_word' id='word_1_579' title='bbox 2012 2742 2066 2790; x_wconf 86' lang='grc'>10-</span> 
     </span>
     <span class='ocr_line' id='line_1_64' title="bbox 1096 2811 2066 2894; baseline 0.001 -18"><span class='ocrx_word' id='word_1_580' title='bbox 1096 2833 1207 2876; x_wconf 89' lang='lat' dir='ltr'>camus</span> <span class='ocrx_word' id='word_1_581' title='bbox 1235 2813 1269 2875; x_wconf 94' lang='lat' dir='ltr'>in</span> <span class='ocrx_word' id='word_1_582' title='bbox 1299 2811 1434 2876; x_wconf 91' lang='lat' dir='ltr'>dubium</span> <span class='ocrx_word' id='word_1_583' title='bbox 1467 2811 1591 2876; x_wconf 89' lang='lat' dir='ltr'>Christi</span> <span class='ocrx_word' id='word_1_584' title='bbox 1621 2812 1861 2893; x_wconf 88' lang='lat' dir='ltr'>promissiones,</span> <span class='ocrx_word' id='word_1_585' title='bbox 1891 2833 1950 2876; x_wconf 90' lang='lat' dir='ltr'>neo</span> <span class='ocrx_word' id='word_1_586' title='bbox 1974 2834 2066 2894; x_wconf 92' lang='lat' dir='ltr'>repu-</span> 
     </span>
     <span class='ocr_line' id='line_1_65' title="bbox 1096 2896 2065 2979; baseline 0.001 -19"><span class='ocrx_word' id='word_1_587' title='bbox 1096 2896 1224 2962; x_wconf 88' lang='lat' dir='ltr'>diamus</span> <span class='ocrx_word' id='word_1_588' title='bbox 1255 2897 1338 2979; x_wconf 92' lang='lat' dir='ltr'>quod</span> <span class='ocrx_word' id='word_1_589' title='bbox 1369 2917 1388 2960; x_wconf 91' lang='lat' dir='ltr'>a</span> <span class='ocrx_word' id='word_1_590' title='bbox 1413 2918 1510 2961; x_wconf 90' lang='lat' dir='ltr'>sensu</span> <span class='ocrx_word' id='word_1_591' title='bbox 1532 2897 1639 2961; x_wconf 90' lang='lat' dir='ltr'>earnis</span> <span class='ocrx_word' id='word_1_592' title='bbox 1662 2908 1792 2960; x_wconf 91' lang='lat' dir='ltr'>nostrae</span> <span class='ocrx_word' id='word_1_593' title='bbox 1816 2897 1985 2961; x_wconf 89' lang='lat' dir='ltr'>obhorret:</span> <span class='ocrx_word' id='word_1_594' title='bbox 2009 2897 2065 2962; x_wconf 93' lang='lat' dir='ltr'>sod</span> 
     </span>
     <span class='ocr_line' id='line_1_66' title="bbox 1096 2982 2109 3066; baseline -0.001 -19"><span class='ocrx_word' id='word_1_595' title='bbox 1096 2982 1195 3047; x_wconf 89' lang='lat' dir='ltr'>huius</span> <span class='ocrx_word' id='word_1_596' title='bbox 1227 2982 1377 3066; x_wconf 84' lang='lat' dir='ltr'>mysterii</span> <span class='ocrx_word' id='word_1_597' title='bbox 1406 2982 1655 3065; x_wconf 88' lang='lat' dir='ltr'>intelligentiam</span> <span class='ocrx_word' id='word_1_598' title='bbox 1678 3004 1719 3046; x_wconf 91' lang='lat' dir='ltr'>ex</span> <span class='ocrx_word' id='word_1_599' title='bbox 1741 2984 1905 3046; x_wconf 90' lang='lat' dir='ltr'>communi</span> <span class='ocrx_word' id='word_1_600' title='bbox 1928 2984 2066 3066; x_wconf 90' lang='lat' dir='ltr'>scriptu·</span> <span class='ocrx_word' id='word_1_601' title='bbox 2106 3023 2109 3029; x_wconf 95' lang='lat'>-</span> 
     </span>
     <span class='ocr_line' id='line_1_67' title="bbox 1095 3066 2066 3150; baseline 0.001 -19"><span class='ocrx_word' id='word_1_602' title='bbox 1095 3089 1152 3132; x_wconf 87' lang='lat' dir='ltr'>rae</span> <span class='ocrx_word' id='word_1_603' title='bbox 1174 3089 1235 3131; x_wconf 89' lang='lat' dir='ltr'>usu</span> <span class='ocrx_word' id='word_1_604' title='bbox 1257 3069 1407 3150; x_wconf 90' lang='lat' dir='ltr'>petimus.</span> <span class='ocrx_word' id='word_1_605' title='bbox 1448 3066 1535 3147; x_wconf 81' lang='lat' dir='ltr'>Quia</span> <span class='ocrx_word' id='word_1_606' title='bbox 1556 3067 1654 3131; x_wconf 87' lang='lat' dir='ltr'>etiam</span> <span class='ocrx_word' id='word_1_607' title='bbox 1678 3068 1781 3131; x_wconf 89' lang='lat' dir='ltr'>altera</span> <span class='ocrx_word' id='word_1_608' title='bbox 1803 3069 1950 3150; x_wconf 87' lang='lat' dir='ltr'>quaestio</span> <span class='ocrx_word' id='word_1_609' title='bbox 1970 3067 2066 3133; x_wconf 91' lang='lat' dir='ltr'>hodie</span> 
     </span>
     <span class='ocr_line' id='line_1_68' title="bbox 1095 3152 2066 3237; baseline -0.001 -20"><span class='ocrx_word' id='word_1_610' title='bbox 1095 3154 1248 3236; x_wconf 89' lang='lat' dir='ltr'>agitatur,</span> <span class='ocrx_word' id='word_1_611' title='bbox 1274 3173 1318 3216; x_wconf 89' lang='lat' dir='ltr'>an</span> <span class='ocrx_word' id='word_1_612' title='bbox 1335 3153 1518 3237; x_wconf 89' lang='lat' dir='ltr'>promiscuo</span> <span class='ocrx_word' id='word_1_613' title='bbox 1538 3152 1700 3217; x_wconf 89' lang='lat' dir='ltr'>inereduli</span> <span class='ocrx_word' id='word_1_614' title='bbox 1723 3174 1796 3218; x_wconf 92' lang='lat' dir='ltr'>cum</span> <span class='ocrx_word' id='word_1_615' title='bbox 1819 3152 1970 3218; x_wconf 91' lang='lat' dir='ltr'>fidelibus</span> <span class='ocrx_word' id='word_1_616' title='bbox 1991 3174 2066 3236; x_wconf 90' lang='lat' dir='ltr'>per·</span> 
     </span>
     <span class='ocr_line' id='line_1_69' title="bbox 1095 3238 2066 3322; baseline -0.001 -19"><span class='ocrx_word' id='word_1_617' title='bbox 1095 3239 1217 3320; x_wconf 90' lang='lat' dir='ltr'>cipiant</span> <span class='ocrx_word' id='word_1_618' title='bbox 1234 3238 1359 3304; x_wconf 90' lang='lat' dir='ltr'>Christi</span> <span class='ocrx_word' id='word_1_619' title='bbox 1381 3259 1498 3320; x_wconf 89' lang='lat' dir='ltr'>corpus</span> <span class='ocrx_word' id='word_1_620' title='bbox 1520 3240 1769 3322; x_wconf 84' lang='lat' dir='ltr'>etsanguinem‚</span> <span class='ocrx_word' id='word_1_621' title='bbox 1792 3238 1882 3304; x_wconf 89' lang='lat' dir='ltr'>utilis</span> <span class='ocrx_word' id='word_1_622' title='bbox 1905 3247 1990 3304; x_wconf 88' lang='lat' dir='ltr'>esset</span> <span class='ocrx_word' id='word_1_623' title='bbox 2012 3260 2066 3303; x_wconf 88' lang='lat' dir='ltr'>ex·</span> 
     </span>
     <span class='ocr_line' id='line_1_70' title="bbox 1094 3322 2065 3406; baseline 0 -18"><span class='ocrx_word' id='word_1_624' title='bbox 1094 3325 1221 3406; x_wconf 88' lang='lat' dir='ltr'>positio,</span> <span class='ocrx_word' id='word_1_625' title='bbox 1258 3325 1367 3389; x_wconf 87' lang='lat' dir='ltr'>offerri</span> <span class='ocrx_word' id='word_1_626' title='bbox 1404 3325 1621 3389; x_wconf 88' lang='lat' dir='ltr'>communiter</span> <span class='ocrx_word' id='word_1_627' title='bbox 1657 3322 1822 3388; x_wconf 86' lang='lat' dir='ltr'>omnibus:</span> <span class='ocrx_word' id='word_1_628' title='bbox 1853 3332 1886 3388; x_wconf 90' lang='lat' dir='ltr'>et</span> <span class='ocrx_word' id='word_1_629' title='bbox 1915 3325 2065 3406; x_wconf 83' lang='lat' dir='ltr'>quamvis</span> 
     </span>
     <span class='ocr_line' id='line_1_71' title="bbox 1093 3408 2063 3492; baseline 0.003 -19"><span class='ocrx_word' id='word_1_630' title='bbox 1093 3408 1202 3475; x_wconf 91' lang='lat' dir='ltr'>oblata</span> <span class='ocrx_word' id='word_1_631' title='bbox 1229 3410 1335 3492; x_wconf 86' lang='lat' dir='ltr'>gratia</span> <span class='ocrx_word' id='word_1_632' title='bbox 1363 3429 1427 3473; x_wconf 88' lang='lat' dir='ltr'>non</span> <span class='ocrx_word' id='word_1_633' title='bbox 1453 3430 1567 3473; x_wconf 88' lang='lat' dir='ltr'>omnes</span> <span class='ocrx_word' id='word_1_634' title='bbox 1597 3410 1757 3480; x_wconf 85' lang='lat' dir='ltr'>fruantur,</span> <span class='ocrx_word' id='word_1_635' title='bbox 1786 3409 1869 3474; x_wconf 93' lang='lat' dir='ltr'>nihil</span> <span class='ocrx_word' id='word_1_636' title='bbox 1891 3420 1999 3474; x_wconf 82' lang='grc'><strong>111101</strong></span> <span class='ocrx_word' id='word_1_637' title='bbox 2023 3410 2063 3476; x_wconf 90' lang='lat' dir='ltr'>de</span> 
     </span>
     <span class='ocr_line' id='line_1_72' title="bbox 1092 3493 2061 3561; baseline 0.002 -2"><span class='ocrx_word' id='word_1_638' title='bbox 1092 3495 1289 3560; x_wconf 88' lang='lat' dir='ltr'>sacramenti</span> <span class='ocrx_word' id='word_1_639' title='bbox 1307 3494 1450 3560; x_wconf 86' lang='lat' dir='ltr'>efficacia</span> <span class='ocrx_word' id='word_1_640' title='bbox 1478 3493 1631 3561; x_wconf 91' lang='lat' dir='ltr'>decedere</span> <span class='ocrx_word' id='word_1_641' title='bbox 1649 3507 1683 3558; x_wconf 91' lang='lat' dir='ltr'>et</span> <span class='ocrx_word' id='word_1_642' title='bbox 1704 3494 1873 3559; x_wconf 90' lang='lat' dir='ltr'>Christum</span> <span class='ocrx_word' id='word_1_643' title='bbox 1896 3495 2061 3561; x_wconf 90' lang='lat' dir='ltr'>nihilomi-</span> 
     </span>
     <span class='ocr_line' id='line_1_73' title="bbox 1093 3579 2059 3664; baseline 0.003 -20"><span class='ocrx_word' id='word_1_644' title='bbox 1093 3602 1156 3646; x_wconf 88' lang='lat' dir='ltr'>nus</span> <span class='ocrx_word' id='word_1_645' title='bbox 1173 3600 1305 3645; x_wconf 87' lang='lat' dir='ltr'>manore</span> <span class='ocrx_word' id='word_1_646' title='bbox 1334 3600 1497 3646; x_wconf 85' lang='lat' dir='ltr'>veracem:</span> <span class='ocrx_word' id='word_1_647' title='bbox 1521 3579 1577 3645; x_wconf 90' lang='lat' dir='ltr'>sed</span> <span class='ocrx_word' id='word_1_648' title='bbox 1599 3581 1748 3662; x_wconf 86' lang='lat' dir='ltr'>quamvis</span> <span class='ocrx_word' id='word_1_649' title='bbox 1771 3603 1811 3644; x_wconf 90' lang='lat' dir='ltr'>ex</span> <span class='ocrx_word' id='word_1_650' title='bbox 1835 3590 1927 3662; x_wconf 89' lang='lat' dir='ltr'>parte</span> <span class='ocrx_word' id='word_1_651' title='bbox 1949 3582 2059 3664; x_wconf 89' lang='lat' dir='ltr'>ipsius,</span> 
     </span>
     <span class='ocr_line' id='line_1_74' title="bbox 1092 3666 2061 3747; baseline 0.004 -19"><span class='ocrx_word' id='word_1_652' title='bbox 1092 3667 1185 3747; x_wconf 88' lang='lat' dir='ltr'>panis</span> <span class='ocrx_word' id='word_1_653' title='bbox 1207 3667 1249 3729; x_wconf 88' lang='lat' dir='ltr'>sit</span> <span class='ocrx_word' id='word_1_654' title='bbox 1270 3666 1421 3730; x_wconf 90' lang='lat' dir='ltr'>omnibus</span> <span class='ocrx_word' id='word_1_655' title='bbox 1443 3685 1561 3747; x_wconf 90' lang='lat' dir='ltr'>corpus</span> <span class='ocrx_word' id='word_1_656' title='bbox 1574 3666 1708 3743; x_wconf 90' lang='lat' dir='ltr'>Christi,</span> <span class='ocrx_word' id='word_1_657' title='bbox 1731 3686 1798 3730; x_wconf 93' lang='lat' dir='ltr'>non</span> <span class='ocrx_word' id='word_1_658' title='bbox 1816 3687 1929 3731; x_wconf 87' lang='lat' dir='ltr'>omnes</span> <span class='ocrx_word' id='word_1_659' title='bbox 1951 3677 2061 3732; x_wconf 89' lang='lat' dir='ltr'>tamen</span> 
     </span>
     <span class='ocr_line' id='line_1_75' title="bbox 1092 3750 1692 3833; baseline -0.002 -18"><span class='ocrx_word' id='word_1_660' title='bbox 1092 3761 1159 3815; x_wconf 91' lang='lat' dir='ltr'>tam</span> <span class='ocrx_word' id='word_1_661' title='bbox 1182 3751 1338 3833; x_wconf 88' lang='lat' dir='ltr'>praeclari</span> <span class='ocrx_word' id='word_1_662' title='bbox 1361 3750 1435 3814; x_wconf 91' lang='lat' dir='ltr'>doni</span> <span class='ocrx_word' id='word_1_663' title='bbox 1458 3771 1590 3832; x_wconf 87' lang='lat' dir='ltr'>capaces</span> <span class='ocrx_word' id='word_1_664' title='bbox 1613 3771 1692 3815; x_wconf 89' lang='lat' dir='ltr'>esse.</span> 
     </span>
    </p>

    <p class='ocr_par' dir='ltr' id='par_1_8' title="bbox 1090 3835 2061 4861">
     <span class='ocr_line' id='line_1_76' title="bbox 1177 3835 2060 3919; baseline 0 -19"><span class='ocrx_word' id='word_1_665' title='bbox 1177 3836 1247 3902; x_wconf 90' lang='lat' dir='ltr'>Nee</span> <span class='ocrx_word' id='word_1_666' title='bbox 1275 3858 1351 3901; x_wconf 91' lang='grc'><strong>1010</strong></span> <span class='ocrx_word' id='word_1_667' title='bbox 1374 3837 1504 3912; x_wconf 89' lang='lat' dir='ltr'>excidit,</span> <span class='ocrx_word' id='word_1_668' title='bbox 1527 3835 1610 3918; x_wconf 92' lang='lat' dir='ltr'>quod</span> <span class='ocrx_word' id='word_1_669' title='bbox 1634 3836 1730 3919; x_wconf 89' lang='lat' dir='ltr'>paulo</span> <span class='ocrx_word' id='word_1_670' title='bbox 1749 3849 1824 3899; x_wconf 88' lang='lat' dir='ltr'>ante</span> <span class='ocrx_word' id='word_1_671' title='bbox 1845 3837 1982 3918; x_wconf 84' lang='lat' dir='ltr'>praefati</span> <span class='ocrx_word' id='word_1_672' title='bbox 2007 3859 2060 3901; x_wconf 91' lang='lat' dir='ltr'>su·</span> 
     </span>
     <span class='ocr_line' id='line_1_77' title="bbox 1092 3919 2061 4003; baseline 0 -17"><span class='ocrx_word' id='word_1_673' title='bbox 1092 3943 1176 4000; x_wconf 92' lang='lat' dir='ltr'>mus,</span> <span class='ocrx_word' id='word_1_674' title='bbox 1189 3931 1339 3987; x_wconf 86' lang='lat' dir='ltr'>nostrum</span> <span class='ocrx_word' id='word_1_675' title='bbox 1361 3943 1426 3986; x_wconf 92' lang='lat' dir='ltr'>non</span> <span class='ocrx_word' id='word_1_676' title='bbox 1450 3921 1697 3986; x_wconf 84' lang='lat' dir='ltr'>esseformulam</span> <span class='ocrx_word' id='word_1_677' title='bbox 1712 3922 1802 3985; x_wconf 83' lang='lat' dir='ltr'>robis</span> <span class='ocrx_word' id='word_1_678' title='bbox 1825 3919 1956 4000; x_wconf 87' lang='lat' dir='ltr'>dictare,</span> <span class='ocrx_word' id='word_1_679' title='bbox 1979 3942 2061 4003; x_wconf 88' lang='lat' dir='ltr'>quae</span> 
     </span>
     <span class='ocr_line' id='line_1_78' title="bbox 1092 4006 2061 4090; baseline -0.001 -18"><span class='ocrx_word' id='word_1_680' title='bbox 1092 4028 1151 4072; x_wconf 90' lang='grc'>100</span> <span class='ocrx_word' id='word_1_681' title='bbox 1173 4008 1369 4090; x_wconf 88' lang='lat' dir='ltr'>obstringat:</span> <span class='ocrx_word' id='word_1_682' title='bbox 1393 4007 1478 4072; x_wconf 89' lang='lat' dir='ltr'>siout</span> <span class='ocrx_word' id='word_1_683' title='bbox 1499 4016 1608 4071; x_wconf 91' lang='lat' dir='ltr'>tamen</span> <span class='ocrx_word' id='word_1_684' title='bbox 1634 4008 1702 4070; x_wconf 87' lang='lat' dir='ltr'>visa</span> <span class='ocrx_word' id='word_1_685' title='bbox 1725 4017 1774 4070; x_wconf 87' lang='lat' dir='ltr'>ost</span> <span class='ocrx_word' id='word_1_686' title='bbox 1795 4006 1885 4070; x_wconf 92' lang='lat' dir='ltr'>utilis</span> <span class='ocrx_word' id='word_1_687' title='bbox 1907 4007 1986 4071; x_wconf 91' lang='lat' dir='ltr'>haec</span> <span class='ocrx_word' id='word_1_688' title='bbox 2004 4007 2061 4071; x_wconf 89' lang='lat' dir='ltr'>ad·</span> 
     </span>
     <span class='ocr_line' id='line_1_79' title="bbox 1091 4091 2061 4176; baseline 0 -20"><span class='ocrx_word' id='word_1_689' title='bbox 1091 4093 1237 4171; x_wconf 90' lang='lat' dir='ltr'>monitio,</span> <span class='ocrx_word' id='word_1_690' title='bbox 1260 4093 1307 4156; x_wconf 91' lang='lat' dir='ltr'>ita</span> <span class='ocrx_word' id='word_1_691' title='bbox 1328 4092 1420 4157; x_wconf 80' lang='lat' dir='ltr'>vobis</span> <span class='ocrx_word' id='word_1_692' title='bbox 1442 4101 1569 4176; x_wconf 86' lang='lat' dir='ltr'>gratam</span> <span class='ocrx_word' id='word_1_693' title='bbox 1592 4092 1660 4157; x_wconf 90' lang='grc'><strong>1010</strong></span> <span class='ocrx_word' id='word_1_694' title='bbox 1681 4093 1890 4172; x_wconf 86' lang='lat' dir='ltr'>speravimus.</span> <span class='ocrx_word' id='word_1_695' title='bbox 1936 4091 1974 4157; x_wconf 80' lang='lat' dir='ltr'>Si</span> <span class='ocrx_word' id='word_1_696' title='bbox 1996 4114 2061 4174; x_wconf 92' lang='lat' dir='ltr'>qua</span> 
     </span>
     <span class='ocr_line' id='line_1_80' title="bbox 1092 4176 2061 4261; baseline -0.001 -19"><span class='ocrx_word' id='word_1_697' title='bbox 1092 4178 1157 4243; x_wconf 89' lang='lat' dir='ltr'>alia</span> <span class='ocrx_word' id='word_1_698' title='bbox 1177 4180 1211 4242; x_wconf 94' lang='lat' dir='ltr'>in</span> <span class='ocrx_word' id='word_1_699' title='bbox 1234 4199 1269 4242; x_wconf 92' lang='lat' dir='ltr'>re</span> <span class='ocrx_word' id='word_1_700' title='bbox 1298 4187 1441 4242; x_wconf 85' lang='lat' dir='ltr'>nostram</span> <span class='ocrx_word' id='word_1_701' title='bbox 1472 4200 1550 4261; x_wconf 89' lang='lat' dir='ltr'>erga</span> <span class='ocrx_word' id='word_1_702' title='bbox 1579 4200 1634 4242; x_wconf 90' lang='lat' dir='ltr'>vos</span> <span class='ocrx_word' id='word_1_703' title='bbox 1662 4177 1921 4242; x_wconf 87' lang='lat' dir='ltr'>benevolentiam</span> <span class='ocrx_word' id='word_1_704' title='bbox 1950 4176 2061 4243; x_wconf 90' lang='lat' dir='ltr'>licebit</span> 
     </span>
     <span class='ocr_line' id='line_1_81' title="bbox 1091 4263 2061 4344; baseline 0 -17"><span class='ocrx_word' id='word_1_705' title='bbox 1091 4267 1215 4341; x_wconf 86' lang='lat' dir='ltr'>testari,</span> <span class='ocrx_word' id='word_1_706' title='bbox 1236 4264 1343 4328; x_wconf 86' lang='lat' dir='ltr'>officia</span> <span class='ocrx_word' id='word_1_707' title='bbox 1372 4273 1482 4328; x_wconf 88' lang='lat' dir='ltr'>nostra</span> <span class='ocrx_word' id='word_1_708' title='bbox 1504 4264 1595 4327; x_wconf 89' lang='lat' dir='ltr'>vobis</span> <span class='ocrx_word' id='word_1_709' title='bbox 1618 4284 1747 4344; x_wconf 89' lang='lat' dir='ltr'>semper</span> <span class='ocrx_word' id='word_1_710' title='bbox 1765 4269 1878 4344; x_wconf 89' lang='lat' dir='ltr'>parata</span> <span class='ocrx_word' id='word_1_711' title='bbox 1900 4263 1967 4327; x_wconf 90' lang='lat' dir='ltr'>fore</span> <span class='ocrx_word' id='word_1_712' title='bbox 1989 4282 2061 4344; x_wconf 78' lang='lat' dir='ltr'>pro</span> 
     </span>
     <span class='ocr_line' id='line_1_82' title="bbox 1091 4348 2060 4429; baseline -0.002 -16"><span class='ocrx_word' id='word_1_713' title='bbox 1091 4350 1262 4414; x_wconf 88' lang='lat' dir='ltr'>mittimus.</span> <span class='ocrx_word' id='word_1_714' title='bbox 1295 4348 1421 4424; x_wconf 87' lang='lat' dir='ltr'>Valete,</span> <span class='ocrx_word' id='word_1_715' title='bbox 1440 4349 1613 4413; x_wconf 87' lang='lat' dir='ltr'>clarissimi</span> <span class='ocrx_word' id='word_1_716' title='bbox 1627 4348 1749 4412; x_wconf 89' lang='lat' dir='ltr'>domini</span> <span class='ocrx_word' id='word_1_717' title='bbox 1769 4360 1800 4411; x_wconf 91' lang='lat' dir='ltr'>et</span> <span class='ocrx_word' id='word_1_718' title='bbox 1819 4348 2060 4429; x_wconf 87' lang='lat' dir='ltr'>generosissimi</span> 
     </span>
     <span class='ocr_line' id='line_1_83' title="bbox 1092 4431 2060 4516; baseline -0.001 -16"><span class='ocrx_word' id='word_1_719' title='bbox 1092 4435 1154 4501; x_wconf 91' lang='lat' dir='ltr'>viri</span> <span class='ocrx_word' id='word_1_720' title='bbox 1176 4436 1356 4516; x_wconf 82' lang='lat' dir='ltr'>fratresque</span> <span class='ocrx_word' id='word_1_721' title='bbox 1378 4434 1555 4516; x_wconf 90' lang='lat' dir='ltr'>plurimum</span> <span class='ocrx_word' id='word_1_722' title='bbox 1573 4433 1774 4498; x_wconf 87' lang='lat' dir='ltr'>observandi.</span> <span class='ocrx_word' id='word_1_723' title='bbox 1818 4431 1979 4497; x_wconf 89' lang='lat' dir='ltr'>Dominus</span> <span class='ocrx_word' id='word_1_724' title='bbox 2002 4454 2060 4499; x_wconf 91' lang='lat' dir='ltr'>vos</span> 
     </span>
     <span class='ocr_line' id='line_1_84' title="bbox 1090 4519 2061 4605; baseline 0 -22"><span class='ocrx_word' id='word_1_725' title='bbox 1090 4542 1204 4605; x_wconf 83' lang='lat' dir='ltr'>regere</span> <span class='ocrx_word' id='word_1_726' title='bbox 1233 4530 1347 4603; x_wconf 83' lang='lat' dir='ltr'>pergat</span> <span class='ocrx_word' id='word_1_727' title='bbox 1368 4519 1560 4602; x_wconf 88' lang='lat' dir='ltr'>prudentiae</span> <span class='ocrx_word' id='word_1_728' title='bbox 1590 4520 1705 4600; x_wconf 89' lang='lat' dir='ltr'>spirita</span> <span class='ocrx_word' id='word_1_729' title='bbox 1735 4532 1767 4582; x_wconf 90' lang='grc'>01</span> <span class='ocrx_word' id='word_1_730' title='bbox 1794 4519 1918 4582; x_wconf 88' lang='lat' dir='ltr'>invicta</span> <span class='ocrx_word' id='word_1_731' title='bbox 1939 4519 2061 4584; x_wconf 91' lang='lat' dir='ltr'>virtute</span> 
     </span>
     <span class='ocr_line' id='line_1_85' title="bbox 1091 4602 2059 4688; baseline 0 -18"><span class='ocrx_word' id='word_1_732' title='bbox 1091 4607 1263 4684; x_wconf 89' lang='lat' dir='ltr'>sustinere,</span> <span class='ocrx_word' id='word_1_733' title='bbox 1291 4606 1448 4688; x_wconf 90' lang='lat' dir='ltr'>donisque</span> <span class='ocrx_word' id='word_1_734' title='bbox 1480 4606 1547 4670; x_wconf 89' lang='lat' dir='ltr'>suis</span> <span class='ocrx_word' id='word_1_735' title='bbox 1569 4626 1627 4669; x_wconf 86' lang='grc'>100</span> <span class='ocrx_word' id='word_1_736' title='bbox 1645 4605 1680 4668; x_wconf 90' lang='lat' dir='ltr'>in</span> <span class='ocrx_word' id='word_1_737' title='bbox 1704 4602 1772 4668; x_wconf 90' lang='lat' dir='ltr'>dies</span> <span class='ocrx_word' id='word_1_738' title='bbox 1792 4603 1973 4685; x_wconf 88' lang='lat' dir='ltr'>locupletet,</span> <span class='ocrx_word' id='word_1_739' title='bbox 1997 4626 2059 4687; x_wconf 94' lang='lat' dir='ltr'>quo</span> 
     </span>
     <span class='ocr_line' id='line_1_86' title="bbox 1091 4689 2060 4776; baseline -0.002 -20"><span class='ocrx_word' id='word_1_740' title='bbox 1091 4713 1231 4776; x_wconf 87' lang='lat' dir='ltr'>regnum</span> <span class='ocrx_word' id='word_1_741' title='bbox 1261 4691 1318 4756; x_wconf 92' lang='lat' dir='ltr'>filii</span> <span class='ocrx_word' id='word_1_742' title='bbox 1344 4692 1413 4756; x_wconf 91' lang='lat' dir='ltr'>eius</span> <span class='ocrx_word' id='word_1_743' title='bbox 1440 4690 1524 4773; x_wconf 92' lang='lat' dir='ltr'>apud</span> <span class='ocrx_word' id='word_1_744' title='bbox 1547 4711 1606 4754; x_wconf 87' lang='lat' dir='ltr'>vos</span> <span class='ocrx_word' id='word_1_745' title='bbox 1630 4689 1735 4772; x_wconf 87' lang='lat' dir='ltr'>magis</span> <span class='ocrx_word' id='word_1_746' title='bbox 1757 4708 1794 4752; x_wconf 89' lang='lat' dir='ltr'>ac</span> <span class='ocrx_word' id='word_1_747' title='bbox 1816 4691 1920 4772; x_wconf 87' lang='lat' dir='ltr'>magis</span> <span class='ocrx_word' id='word_1_748' title='bbox 1942 4710 2060 4772; x_wconf 89' lang='lat' dir='ltr'>propa·</span> 
     </span>
     <span class='ocr_line' id='line_1_87' title="bbox 1090 4774 1930 4861; baseline -0.006 -18"><span class='ocrx_word' id='word_1_749' title='bbox 1090 4788 1195 4861; x_wconf 85' lang='lat' dir='ltr'>gutur.</span> <span class='ocrx_word' id='word_1_750' title='bbox 1240 4776 1403 4856; x_wconf 81' lang='lat' dir='ltr'>Generae,</span> <span class='ocrx_word' id='word_1_751' title='bbox 1427 4781 1455 4840; x_wconf 86' lang='lat'>9.</span> <span class='ocrx_word' id='word_1_752' title='bbox 1478 4775 1640 4841; x_wconf 89' lang='lat' dir='ltr'>Calendas</span> <span class='ocrx_word' id='word_1_753' title='bbox 1661 4774 1819 4839; x_wconf 89' lang='lat' dir='ltr'>Novemb.</span> <span class='ocrx_word' id='word_1_754' title='bbox 1842 4778 1930 4838; x_wconf 77' lang='grc'><strong>1117.</strong></span> 
     </span>
    </p>

    <p class='ocr_par' dir='ltr' id='par_1_9' title="bbox 1176 4858 2061 4944">
     <span class='ocr_line' id='line_1_88' title="bbox 1176 4858 2061 4944; baseline -0.003 -16"><span class='ocrx_word' id='word_1_755' title='bbox 1176 4861 1385 4928; x_wconf 89' lang='lat' dir='ltr'>Clarissimus</span> <span class='ocrx_word' id='word_1_756' title='bbox 1396 4863 1422 4944; x_wconf 77' lang='lat'>⁹)</span> <span class='ocrx_word' id='word_1_757' title='bbox 1451 4873 1583 4926; x_wconf 88' lang='lat' dir='ltr'>senatus</span> <span class='ocrx_word' id='word_1_758' title='bbox 1611 4873 1722 4925; x_wconf 87' lang='lat' dir='ltr'>noster</span> <span class='ocrx_word' id='word_1_759' title='bbox 1739 4858 1907 4924; x_wconf 85' lang='lat' dir='ltr'>mandavit</span> <span class='ocrx_word' id='word_1_760' title='bbox 1925 4881 1982 4924; x_wconf 91' lang='lat' dir='ltr'>suo</span> <span class='ocrx_word' id='word_1_761' title='bbox 2000 4880 2061 4925; x_wconf 91' lang='lat' dir='ltr'>no·</span> 
     </span>
    </p>
   </div>
   <div class='ocr_carea' id='block_1_7' title="bbox 1091 5147 2061 5354">
    <p class='ocr_par' dir='ltr' id='par_1_10' title="bbox 1091 5147 2061 5354">
     <span class='ocr_line' id='line_1_89' title="bbox 1193 5147 2061 5222; baseline -0.005 -15"><span class='ocrx_word' id='word_1_762' title='bbox 1193 5154 1222 5220; x_wconf 87' lang='grc'>9)</span> <span class='ocrx_word' id='word_1_763' title='bbox 1240 5154 1317 5209; x_wconf 83' lang='lat' dir='ltr'>Haec</span> <span class='ocrx_word' id='word_1_764' title='bbox 1333 5168 1388 5208; x_wconf 80' lang='lat' dir='ltr'>aon</span> <span class='ocrx_word' id='word_1_765' title='bbox 1412 5153 1536 5222; x_wconf 68' lang='lat' dir='ltr'>leputatur</span> <span class='ocrx_word' id='word_1_766' title='bbox 1552 5151 1583 5205; x_wconf 77' lang='lat' dir='ltr'>ia</span> <span class='ocrx_word' id='word_1_767' title='bbox 1601 5149 1660 5204; x_wconf 80' lang='lat' dir='ltr'>edd.</span> <span class='ocrx_word' id='word_1_768' title='bbox 1679 5166 1697 5204; x_wconf 85' lang='lat' dir='ltr'>e</span> <span class='ocrx_word' id='word_1_769' title='bbox 1714 5149 1811 5218; x_wconf 80' lang='lat' dir='ltr'>quibua</span> <span class='ocrx_word' id='word_1_770' title='bbox 1827 5148 1907 5201; x_wconf 76' lang='lat' dir='ltr'>etium</span> <span class='ocrx_word' id='word_1_771' title='bbox 1925 5147 2061 5218; x_wconf 65' lang='grc'><strong>11110111·</strong></span> 
     </span>
     <span class='ocr_line' id='line_1_90' title="bbox 1091 5225 1854 5354; baseline -0.008 -74"><span class='ocrx_word' id='word_1_772' title='bbox 1091 5225 1177 5280; x_wconf 75' lang='grc'><strong>110101</strong></span> <span class='ocrx_word' id='word_1_773' title='bbox 1194 5225 1302 5279; x_wconf 73' lang='lat' dir='ltr'>comat.</span> <span class='ocrx_word' id='word_1_774' title='bbox 1800 5299 1854 5354; x_wconf 54' lang='lat'>43·</span> 
     </span>
    </p>
   </div>
   <div class='ocr_carea' id='block_1_8' title="bbox 0 0 2353 5908">
    <p class='ocr_par' dir='ltr' id='par_1_11' title="bbox 0 0 2353 5908">
     <span class='ocr_line' id='line_1_91' title="bbox 0 0 2353 5908; baseline 0 0"><span class='ocrx_word' id='word_1_775' title='bbox 0 0 2353 5908; x_wconf 95' lang='lat' dir='ltr'> </span> 
     </span>
    </p>
   </div>
  </div>
 </body>
</html>
