4688 5910
997 314 1264 392 armabunt!
1279 325 1492 388 aroc-2737

688 515 787 586 atat.

439 668 800 738 MELANOHTHON
822 667 1040 737 OALVINO.

340 841 493 925 &Hoqnii
521 840 759 907 Worrnott'ensis
775 843 881 908 mio
900 842 978 923 feto.
1013 840 1227 907 Helvetiorum

243 932 343 999 aiom
364 928 473 1013 boabo
491 929 545 992 rie
575 927 698 1009 aliquid
719 929 934 1011 anperatnrc.

128 1173 135 1184 Ι
249 1102 305 1169 (lix
323 1099 491 1169 autographo
512 1099 608 1152 mutilo
627 1099 699 1153 Bibl.
716 1099 860 1152 sationalis
879 1097 1048 1151 Parisinusis.
1084 1096 1152 1151 Ooll.
1172 1097 1226 1150 Du·

387 1185 442 1238 puy
461 1167 526 1223 cod.
545 1165 604 1232 268,
623 1167 669 1223 tol.
686 1165 712 1220 8.
732 1197 763 1206 -
781 1167 861 1236 Oorp.
880 1167 940 1221 Res.
957 1166 1005 1221 IX.
1024 1164 1095 1226 328.)

249 1339 445 1406 Reverendo
467 1340 539 1402 viro
569 1336 752 1401 eruditione
780 1347 813 1401 et
835 1338 956 1402 virtute
978 1338 1160 1420 praestanti
1183 1336 1225 1403 D.

396 1423 538 1489 Iohanni
561 1422 700 1488 Oalvino
718 1423 811 1487 fratri
833 1444 892 1488 suo
914 1423 1089 1488 carissimo.

339 1594 403 1682 [8.]
417 1593 459 1659 D.
489 1594 683 1659 Reverendo
704 1594 758 1659 vir
780 1595 990 1661 otcarissime
1007 1594 1118 1659 frater.
1154 1593 1228 1659 Ool-

249 1682 343 1766 legac
365 1681 479 1755 nostri,
502 1687 671 1762 postquam
696 1679 892 1746 adversariis
910 1680 1132 1746 exhibuerunt
1149 1700 1226 1745 con·

251 1766 495 1833 damnationem
525 1777 708 1831 vestrmum
730 1766 950 1842 ecclesiarum,
974 1766 1050 1832 hino
1072 1766 1227 1831 discesse-

251 1863 339 1919 runt.
353 1858 379 1929 ¹)
430 1851 527 1916 Nunc
554 1851 640 1916 domi
668 1850 854 1933 triumphos
880 1862 980 1935 agent
1009 1860 1164 1933 tanquam
1186 1851 1227 1917 dc

253 1937 399 2009 Cadmea
426 1936 571 2001 victoria.
623 1937 691 2002 Nos
714 1936 822 2001 adhuc
848 1938 883 2001 in
902 1958 976 2004 arce
997 1958 1167 2002 manemus
1189 1958 1227 2003 aa

252 2044 384 2089 oremus
416 2022 519 2087 filium
555 2024 617 2087 Dei
651 2033 688 2087 ut
720 2023 763 2086 sit
791 2021 953 2108 βραβευτῆς
969 2031 1090 2088 noster.
1134 2021 1227 2087 Viris

253 2106 489 2176 excellentibus
512 2107 694 2175 eruditione
716 2118 750 2171 et
771 2110 894 2173 virtuts
916 2129 996 2192 qnos
1018 2108 1058 2174 ad
1081 2129 1143 2174 uos
1164 2109 1226 2172 mi·

254 2195 381 2277 sistis²l
410 2214 477 2259 non
508 2192 684 2258 defuerunt
713 2208 823 2258 nostra
851 2194 967 2271 officia,
989 2216 1074 2277 quae
1095 2192 1225 2277 quidem

252 2289 421 2366 praestare
442 2279 617 2363 potuimus.
651 2278 718 2344 sec
742 2280 818 2360 quid
841 2282 1046 2363 impetraturi
1069 2280 1135 2345 sint
1153 2301 1227 2345 nos-

253 2369 306 2443 tri,
330 2365 457 2431 etiamsi
478 2366 561 2428 fiant
578 2370 680 2439 ἱκέιαι,
701 2364 820 2429 dubito.
855 2366 939 2430 Nam
963 2365 1107 2442 ecclesia,
1126 2386 1227 2448 quum

253 2454 292 2518 fit
324 2450 472 2535 supplex,
502 2449 685 2534 hypocritis
711 2450 902 2533 plerumque
935 2460 986 2516 ast
1017 2451 1110 2516 velut
1133 2452 1228 2515 navis

255 2538 419 2601 ἱκετεύουσα
440 2543 558 2619 πέτραν,
582 2536 673 2599 utin
696 2538 797 2600 veteri
821 2557 917 2601 versu
939 2535 1066 2602 dicitur.

340 2623 505 2704 Exspecto
534 2622 570 2683 in
598 2620 660 2687 hac
689 2631 827 2698 senecta,
850 2633 924 2704 post
944 2621 1123 2688 mediocres
1141 2622 1228 2687 lebo-

254 2729 317 2784 res,
340 2708 463 2772 similes
486 2725 579 2772 casus
597 2709 790 2789 quosvestri
813 2710 876 2771 iam
896 2709 1119 2791 experiuntur.
1150 2705 1229 2772 Ideo

253 2792 478 2858 misericordia
500 2804 680 2857 vestrorum
711 2793 817 2876 magis
835 2793 978 2877 adficior,
1000 2803 1032 2858 et
1049 2794 1153 2858 filium
1166 2794 1230 2858 Dei

256 2900 312 2944 cro
341 2888 436 2942 utet
464 2878 583 2943 vestris
608 2891 642 2943 et
668 2878 749 2943 mihi
779 2881 812 2942 in
843 2880 995 2945 omnibus
1016 2899 1111 2961 opem
1134 2879 1227 2943 ferat.

254 2965 349 3029 Bene
392 2961 485 3049 cole}
531 2966 595 3029 Die
626 2973 740 3030 octava
773 2964 925 3030 Octobris
952 2967 987 3029 in
1016 2965 1097 3030 urbe
1121 2962 1228 3051 [Von-

252 3052 383 3133 fimum
409 3051 437 3130 ⁸)

959 3136 1143 3220 Philippus.

696 3698 795 3770 atat.

260 3852 432 3918 Lacum
462 3851 725 3919 GALLORUM
750 3852 1020 3920 THEOLOGIS
1039 3854 1233 3921 WORMA·

510 3954 618 4020 ΤΙΔΕ
643 3955 983 4024 OONGREGATIS.

355 4124 507 4191 Venerunt
535 4125 744 4192 Wormctc'ern
766 4151 788 4194 a
813 4128 958 4212 tlicokpis
977 4129 1023 4194 ibi
1044 4131 1236 4214 congregetis

255 4212 391 4294 petitori
418 4217 453 4276 nt
473 4213 635 4295 principes
663 4234 737 4279 snos
766 4214 965 4281 hortarentur
993 4219 1027 4279 nt
1049 4235 1112 4296 pro
1135 4215 1233 4282 Pori-

263 4415 398 4497 ²7⁸⁵·.¹l
417 4416 544 4471 annnt
554 4417 597 4471 olli
605 4417 643 4471 D.
653 4418 746 4472 quen
758 4418 878 4473 Moerb‘n
893 4421 1117 4499 superintendens
1125 4420 1234 4475 Burne-

264 4485 497 4621 tractent,
512 4485 1236 4626 t'tnttttttantelatae-'tta

267 4621 404 4675 liranis
433 4622 576 4704 Sereers'm
606 4624 831 4747 ”ffffl’lm
857 4625 1072 4706 Mensleldma's
1096 4632 1123 4681 et
1147 4626 1235 4681 Besil.

267 4691 387 4744 Menner
412 4693 613 4769 conationes
642 4708 798 4749 romenses.
838 4694 1059 4750 Dedorononen
1084 4710 1164 4750 wem
1190 4711 1235 4750 ee-

262 4760 411 4817 noceam
430 4760 488 4817 Gal.
509 4759 567 4815 Oet.
601 4761 724 4825 [Plancis
747 4762 797 4816 VI.
823 4761 880 4816 140.
917 4761 996 4832 Oorp.
1016 4763 1079 4829 Res.
1105 4764 1153 4818 tx.
1175 4762 1236 4816 314.

267 4827 345 4897 Sciip
372 4828 425 4882 111.
453 4827 527 4896 318.)
565 4827 632 4883 I‘trs't
658 4831 724 4886 bees
749 4845 835 4886 conso
861 4849 881 4886 s.
902 4837 1063 4900 prosumus
1088 4832 1238 4887 dirimenda¹

264 4898 400 5030 ⁶⁰1ng
419 4965 544 5034 auena,
568 4966 673 5036 aeae,
699 4966 834 5037 carme,
859 4970 957 5039 aaut
981 4985 1010 5023 re
1036 4969 1164 5025 aaran
1190 4970 1238 5024 ac·

264 5035 410 5089 isarna.-
436 5034 563 5090 Menan
588 5035 700 5090 Octobrr
725 5039 835 5092 ineunte
859 5039 1009 5094 advenisse.
1045 5039 1122 5094 Haec
1145 5040 1239 5108 mnne

262 5104 320 5169 fait
339 5102 427 5156 Beroe
444 5117 467 5157 e.
488 5103 613 5172 Philippo
630 5106 806 5159 monastic.

261 5237 345 5296 155⁷·
369 5169 400 5238 3)
418 5171 541 5228 Bretselt.
561 5174 689 5241 proebn:
715 5173 880 5229 Wormstiae
902 5175 929 5229 d.
952 5174 977 5229 8.
996 5177 1095 5230 mensis
1113 5175 1237 5230 Octobris

2188 313 2248 375 660

1276 510 1433 578 mribus
1459 509 1599 595 menter
1626 509 1746 573 emtis
1767 508 1855 589 epod
1878 502 1991 588 Repeto
2023 503 2248 569 intercederent

1275 596 1401 751 m
1414 597 1594 749 &w
1615 599 1660 658 eet
1680 598 1795 659 norae
1815 591 2015 671 ornns'cfidei
2037 610 2116 656 sace
2136 588 2250 671 mee·

1277 855 1333 919 (Ex
1352 854 1521 923 autographo
1539 851 1688 906 blerbacbii
1705 851 1734 903 in
1761 850 1833 906 Bibl.
1851 850 1983 904 Seminsr.
2003 852 2117 918 Argsnt.
2136 848 2171 901 A.
2190 847 2249 901 Vll.

1277 922 1383 977 bunne
1399 922 1498 1004 deleto.
1535 921 1631 975 Edidit
1655 922 1750 974 Bsum.
1774 919 1796 974 Ι.
1813 918 1874 974 409.
1914 919 2084 999 contulimus
2102 917 2187 970 etiam
2205 933 2249 970 ex·

1277 986 2250 1139 tctattae“thntittttt0tttttctritten

1277 1131 1382 1253 grsqrhe
1408 1139 1437 1182 et
1482 1130 1556 1182 lures
1584 1128 1718 1181 editiones
1744 1135 1868 1180 recenset
1894 1124 2108 1179 Bretschneider
2125 1141 2153 1178 m
2173 1123 2250 1191 Corp

1305 1217 1318 1250 e
1356 1197 1405 1251 IX.
1478 1238 1485 1254 .
1521 1197 1624 1262 Quibus
1650 1195 1720 1248 adde
1741 1195 1849 1248 Ructat
1866 1194 1917 1249 VI.
1935 1193 1994 1258 ‘ela
2024 1193 2136 1258 Sattler,
2155 1191 2250 1245 asset.

1278 1284 1303 1321 v.
1322 1266 1472 1320 Wdrtemb.
1491 1265 1540 1319 Ν.
1559 1265 1628 1319 Beil.
1645 1263 1688 1319 42.
1717 1264 1758 1317 De
1776 1281 1806 1317 rs
1825 1265 1885 1326 ipsa
1903 1263 1938 1317 ci.
2002 1263 2105 1317 .Beeee
2122 1261 2156 1314 N.
2176 1258 2251 1314 atta.

1387 1336 1418 1388 ln
1435 1339 1556 1404 margins
1574 1333 1752 1387 adscribimus
1769 1333 1906 1386 venantes
1924 1348 1958 1384 ex
2015 1349 2057 1401 rp.
2074 1331 2150 1393 aar.)

1364 1506 1552 1573 Reverendi
1573 1507 1646 1581 viri,
1675 1506 1761 1588 quod
1782 1525 1802 1568 a
1829 1505 1923 1569 nobis
1944 1503 2116 1587 postulatis
2133 1504 2158 1582 ¹)
2180 1523 2252 1567 con·

1277 1596 1451 1659 fossionem
1487 1593 1709 1658 doctrinarum
1719 1592 1747 1673 ²)
1789 1590 2000 1657 eeclesiarum
2040 1588 2249 1664 Gallicarum,

1278 1701 1415 1763 quarum
1438 1678 1586 1743 membra
1607 1690 1687 1743 sunt
1712 1676 1762 1740 illi
1791 1677 1853 1760 ipsi
1876 1676 1999 1758 captivi
2020 1684 2156 1757 propter
2175 1693 2266 1756 quos·

1279 1766 1340 1832 hoe
1370 1767 1432 1830 iter
1460 1765 1671 1846 suscepimus,
1705 1763 1871 1846 sapienter
1897 1772 1930 1825 et
1957 1771 2054 1845 recte
2077 1760 2195 1837 facitis,
2221 1768 2253 1822 et

1278 1873 1379 1934 quum
1397 1851 1539 1915 sciamus
1563 1851 1599 1914 in
1628 1859 1721 1913 tanta
1753 1849 1942 1913 confusione
1965 1848 2096 1932 generis
2120 1845 2252 1911 humani

1278 1947 1405 2003 tantam
1427 1938 1537 2011 aam⁸t
1566 1955 1637 2001 esse
1658 1936 1850 1999 varietatem
1873 1934 2062 2015 opinionum
2085 1931 2178 1997 etde
2198 1951 2251 1994 no-

1277 2022 1327 2087 bis
1349 2023 1495 2087 fortassis
1527 2022 1637 2104 spargi
1667 2018 1813 2085 diversos
1838 2023 2014 2095 sermones,
2037 2018 2251 2102 gaudemuss

1277 2109 1371 2173 nobis
1394 2108 1460 2190 peti
1484 2106 1721 2172 confessionem
1744 2119 1777 2170 et
1805 2105 1943 2170 libenter
1965 2103 2085 2186 ubique
2103 2125 2176 2169 sam
2197 2126 2250 2168 ex·

1277 2192 1469 2259 hibebimns.
1481 2194 1509 2275 ⁴)
1588 2247 1590 2251 .

1362 2279 1478 2360 Itaque
1500 2281 1643 2360 primum
1666 2280 1813 2343 omnium
1832 2279 1884 2361 pie
1907 2288 1940 2341 et
1961 2286 2153 2342 constanter
2172 2277 2250 2342 affir-

1279 2386 1417 2441 mamus,
1441 2362 1668 2428 noadamnare
1690 2385 1804 2429 omnes
1826 2362 2045 2447 blasphemias
2067 2370 2249 2446 pugnantes

1279 2472 1354 2517 cum
1373 2450 1502 2532 scriptis
1531 2449 1730 2531 propheticis
1760 2459 1794 2512 et
1821 2449 2005 2532 apostolicis
2037 2457 2070 2514 et
2089 2448 2248 2532 symbolis,

1280 2546 1314 2601 ct
1336 2537 1527 2600 nominatim
1559 2536 1722 2600 exsecrari
1746 2536 1871 2600 furores
1902 2535 2029 2611 Seram,
2060 2535 2250 2618 Anabaptis·
2319 2594 2321 2598 ,

1280 2633 1399 2697 tarum,
1429 2621 1685 2696 Libertinorum,
1713 2621 1950 2706 Epicureorum
1969 2631 2015 2684 ·et
2036 2620 2123 2684 idola
2152 2620 2250 2704 papis

1281 2709 1355 2773 tica.
1396 2708 1456 2771 Pie
1485 2715 1592 2770 autem
1623 2716 1656 2770 et
1685 2715 1873 2771 constanter
1901 2708 2114 2784 affirmamus,
2142 2727 2199 2770 nos
2222 2712 2250 2769 et

1282 2793 1428 2859 Gallicas
1455 2792 1614 2871 ecclesias,
1643 2813 1779 2874 quarum
1813 2792 1959 2856 membra
1994 2801 2026 2854 et
2055 2813 2117 2855 nos
2145 2812 2250 2856 sumus

1282 2887 1316 2945 et
1332 2879 1452 2962 captivi
1475 2877 1524 2941 illi
1547 2877 1726 2959 dequibus
1748 2877 1899 2958 diximus,
1923 2879 2074 2961 amplecti
2087 2879 2115 2960 ⁸)
2138 2880 2251 2960 scripta
2276 2948 2278 2956 ,

1281 2964 1472 3048 prophetica
1496 2973 1530 3028 et
1548 2964 1722 3046 apostolica
1744 2974 1777 3029 et
1796 2964 1944 3048 symbola
1966 2964 2179 3047 apostolicum
2199 2963 2250 3027 Ni-

1282 3071 1419 3117 caenum
1442 3059 1475 3113 et
1497 3049 1770 3126 Athanasianum,
1789 3051 1874 3114 sicut
1896 3059 2006 3115 noster
2028 3049 2251 3114 Oatechismus

1283 3136 1425 3202 ostendit
1457 3144 1528 3200 octo
1560 3133 1684 3219 linguis
1713 3135 1828 3201 editus.
1885 3137 1930 3200 Et
1957 3157 2056 3218 quum
2079 3135 2251 3219 legerimus

1284 3232 1426 3286 vestram
1455 3221 1688 3285 confessionem
1719 3243 1801 3303 quac
1832 3224 2000 3305 Augustae
2030 3221 2179 3286 exhibita
2207 3228 2252 3285 eet

1284 3328 1369 3371 anno
1392 3311 1442 3382 30,
1465 3327 1598 3389 prorsus
1626 3327 1697 3370 eam
1730 3309 1764 3371 in
1793 3306 1958 3372 omnibus·
1972 3307 2120 3372 articulis
2131 3311 2157 3385 θ)
2185 3326 2266 3392 oon--

1283 3413 1401 3477 gruere
1422 3413 1498 3458 cum
1521 3394 1640 3457 nostris
1658 3392 1801 3458 eeclesiis
1823 3393 2014 3472 iudicamus,
2038 3404 2072 3457 st
2093 3414 2167 3458 eam
2190 3413 2252 3457 am·

1284 3479 1466 3561 plectimur,
1489 3486 1625 3561 excepto
1646 3488 1755 3543 tamen
1786 3498 1852 3544 uno
1874 3479 2021 3557 articulo,
2045 3478 2201 3546 videlicet
2217 3479 2252 3542 de

1283 3585 1384 3630 coena
1405 3566 1549 3638 Domini,
1574 3567 1608 3627 in
1631 3586 1694 3647 quo
1719 3565 1826 3630 adbuc
1848 3567 2088 3631 controversiae
2110 3566 2252 3641 haerent,

1285 3651 1325 3715 de
1347 3651 1465 3732 quibus
1478 3650 1637 3732 colloquia
1658 3669 1731 3714 oum
1750 3652 1869 3716 vestris
1883 3672 2013 3734 semper
2030 3654 2252 3734 expetivimus,

1284 3744 1318 3800 et
1340 3755 1510 3819 speramus
1538 3735 1647 3799 dirimi
1670 3756 1726 3801 cas
1747 3751 1845 3818 posse·
1862 3737 1889 3800 si
1911 3736 2113 3802 eruditorum
2136 3748 2170 3802 et
2191 3739 2252 3820 pio-

1284 3843 1359 3886 rum
1382 3822 1555 3904 explicatio
1581 3823 1740 3887 eudiatur.
1786 3823 1959 3904 Nunquam
1989 3824 2050 3889 hoc
2072 3844 2133 3888 nos
2156 3826 2252 3889 sensi·

1285 3928 1358 3971 mus
1381 3917 1437 3970 aut
1459 3898 1636 3984 docuimus,
1652 3927 1787 3972 coenam
1799 3908 1935 3972 Domini
1956 3930 2027 3975 esse
2039 3918 2171 3975 tantum
2193 3913 2252 3993 sig·

1285 4015 1365 4058 num
1394 3994 1612 4075 professionis,
1639 3994 1723 4058 sicut
1751 3996 1987 4077 Anabaptistae
2017 3997 2177 4076 sentiunt,
2202 4005 2253 4061 aut

1285 4080 1369 4143 sicut
1386 4078 1586 4143 vociferatur
1599 4078 1869 4160 Schwenkfeldt'ns,
1885 4082 1912 4152 ⁷)
1931 4084 2026 4160 autff)
2045 4103 2117 4148 esse
2128 4083 2253 4166 signum

1285 4174 1416 4228 tautum
1438 4164 1581 4228 absentis
1614 4165 1749 4230 christi.
1804 4166 1952 4248 Papistas
1980 4165 2177 4251 damnamus
2203 4166 2252 4250 qui

1285 4251 1530 4314 conversionem
1552 4252 1647 4332 panis
1669 4261 1702 4314 et
1728 4250 1949 4316 adorationem
1979 4251 2106 4332 docent,
2129 4262 2163 4318 et
2184 4255 2252 4319 hor·

1285 4335 1424 4399 ribiliter
1452 4334 1621 4400 cumulant
1646 4336 1733 4402 idola
1766 4336 1966 4420 adorantque
1990 4359 2109 4421 panem
2137 4342 2171 4404 in
2197 4340 2252 4405 cir·

1286 4623 1377 4679 2786.
1392 4625 1420 4692 1)
1437 4627 1602 4695 postulastis.

1386 4693 1418 4760 2)
1436 4694 1576 4748 doctrinae
1595 4696 1659 4760 (ont.
1684 4694 1736 4759 Τ.)
1864 4720 1866 4725 ·

1389 4762 1418 4827 3)
1438 4764 1621 4816 confusionem
1639 4770 1744 4817 tentam
1763 4781 1821 4818 osse
1845 4764 1875 4817 Τ.

1388 4831 1406 4884 4
1437 4831 1603 4886 exhibemus.

1389 4899 1406 4952 5
1437 4909 1594 4955 constanter
1611 4902 1799 4971 amplectimur
1817 4913 1866 4956 nos
1885 4912 1913 4956 et
1926 4903 1960 4963 G.
1978 4904 2109 4958 ecclesiae
2130 4941 2252 4959 .......

1286 4969 1403 5023 diximus
1420 4968 1489 5036 (D).
2255 4979 2262 4994 ⁵

1391 5037 1421 5103 6)
1438 5040 1467 5091 in
1485 5039 1610 5092 omnibus
1628 5039 1758 5096 articulis.
1783 5039 1861 5094 Haec
1878 5041 1960 5096 verba
1972 5040 2119 5098 Bmsebn.
2137 5046 2255 5111 saepem

1288 5108 1368 5164 babet
1385 5115 1409 5162 et
1426 5123 1483 5161 non
1500 5109 1530 5160 in
1547 5108 1671 5164 omnbus
1686 5124 1748 5163 ess.
1766 5109 1820 5178 lapi
1835 5108 1970 5164 nane.

1439 5176 1622 5231 Stenkl'oldius
1640 5176 1713 5244 (Τ.)

1439 5244 1569 5301 madelmi
1586 5244 1637 5300 Br.
1661 5276 1690 5285 ·-
1710 5249 1753 5301 vel
1776 5247 1848 5301 nude
1870 5252 1976 5302 tantm
1998 5249 2077 5319 signs
2094 5248 2208 5320 proponi
2229 5245 2256 5302 T.
