4778 5888
136 303 203 367 ese
909 376 915 391 ,
1057 298 1242 372 iccata·
2075 310 2140 373 354

139 490 251 557 dicant
273 489 358 574 quod
381 489 552 555 voluerint.
590 489 651 556 Sat
678 491 742 557 cito
764 493 792 558 si
814 499 865 557 sat
885 492 979 557 bene.
1023 489 1114 557 Satis
1164 491 1289 557 riarum
1316 490 1422 557 modis
1450 490 1654 558 adversarios
1682 494 1847 578 persequi:
1880 495 1957 578 quia
1984 497 2041 562 vix
2065 497 2140 565 fieri

138 584 194 643 est
214 575 302 660 quod
314 595 372 641 vos
394 576 475 641 bene
497 576 699 659 alloquimini
720 578 937 643 reverentiam
960 577 1114 660 ipsorum.
1164 585 1281 660 potest,
1303 578 1382 660 quin
1401 577 1445 642 sit
1461 577 1583 660 aliquid
1594 578 1749 645 falsitatis
1765 589 1822 645 aut
1841 578 1976 665 deliquii
1992 583 2027 647 in
2045 590 2140 650 tanta

228 660 397 741 Quantum
431 661 470 726 ad
500 683 619 728 nomen
647 662 731 742 libri,
760 663 870 730 dicent
897 683 968 729 esse
992 677 1114 727 novam
1164 663 1417 747 multiplicitate.
1469 663 1515 727 Et
1547 684 1607 728 vos
1639 666 1728 732 scitis
1760 686 1860 748 quam
1892 668 2141 751 opprobriosum

139 746 333 813 intitulaudi
349 747 503 811 formam:
532 749 608 830 quia
625 749 662 813 “si
683 748 778 813 modo
800 748 1021 814 intelleximus
1043 768 1114 813 ves·
1164 757 1259 827 esset,
1281 750 1467 832 episcopum
1489 759 1522 813 et
1546 748 1709 815 doctorem
1731 751 1826 835 argui
1837 751 2004 819 mendacii.
2036 754 2139 821 Prae·

139 841 227 898 tram
265 833 494 910 intentionem,
528 854 585 898 vos
618 835 737 917 ponitis
770 833 1022 900 madasconam
1055 854 1115 916 pro
1165 842 1255 899 terea
1276 831 1460 900 cavendum
1481 842 1533 900 est
1553 856 1596 899 ne
1618 834 1757 917 quadum
1775 838 1989 914 animositate,
2012 848 2045 904 et
2065 846 2140 924 par'-

140 918 377 984 Diffamaticue
404 919 457 982 vel
495 919 728 1001 propalatione,
765 941 829 1004 qua
857 919 936 985 istos
961 918 1115 1002 propines
1165 919 1295 985 ticulari
1333 919 1401 987 aelo
1434 920 1540 990 nostri
1574 919 1708 986 honoris
1746 919 1916 988 videamur
1954 920 1987 987 id
2021 926 2137 992 facere.

140 1005 293 1071 omnibus
332 1003 533 1069 deridendos.
585 1004 683 1087 Quod
715 1016 801 1071 certe
836 1027 902 1070 non
935 1005 1116 1070 diffitemur
1166 1003 1263 1084 Quod
1291 1005 1435 1088 profecto
1463 1004 1557 1070 facile
1584 1006 1793 1088 suspicantur
1822 1009 1980 1088 homines,
2011 1011 2058 1093 (et
2081 1033 2139 1078 vos

141 1111 203 1156 vos
223 1091 294 1155 iure
312 1090 425 1154 facere.
467 1088 533 1155 Sed
553 1099 663 1155 tamen
685 1091 850 1156 nonnullis
872 1089 1037 1155 videbitur
1054 1089 1115 1155 hoc
1165 1092 1254 1156 scitis
1283 1111 1380 1173 quam
1407 1090 1577 1173 suspiciosi
1605 1091 1672 1156 sint
1700 1091 1796 1159 bodie
1817 1103 1850 1158 et
1872 1094 1984 1160 faciles
2005 1095 2046 1161 ad
2068 1118 2140 1163 cre·

140 1197 210 1242 non
238 1176 317 1242 satis
339 1175 500 1253 decorum,
524 1177 715 1259 praesertim
746 1176 868 1242 doctori
889 1185 923 1240 et
944 1176 1113 1259 Episcopo,
1166 1174 1324 1251 dandum)
1350 1175 1479 1258 quando
1506 1176 1621 1242 vident
1649 1198 1709 1242 nos
1736 1179 1874 1244 nimium
1906 1181 2073 1247 immorari
2102 1183 2140 1247 in

141 1263 200 1345 qui
229 1261 324 1326 debet
353 1282 425 1326 cum
456 1261 594 1344 quadam
622 1263 785 1345 gravitate
812 1272 846 1326 et
868 1262 974 1344 aliquo
1002 1261 1113 1326 mode-
1166 1261 1296 1327 ledcriis
1318 1270 1353 1325 et
1369 1261 1630 1340 detractionibus,
1654 1271 1712 1327 aut
1722 1284 1853 1347 semper
1874 1264 1916 1330 ad
1937 1287 1993 1330 eas
2008 1269 2139 1346 reverti,

63 1364 69 1380 ¹
140 1348 269 1412 ramine
299 1346 441 1410 refutare
475 1347 686 1413 adversarios.
734 1347 874 1413 Possent
906 1347 1012 1412 dicere
1045 1368 1115 1411 esse
1165 1350 1257 1431 quasi
1277 1347 1368 1412 nobis
1391 1346 1487 1412 valde
1502 1345 1662 1428 placeant,
1686 1356 1744 1414 aut
1765 1351 1856 1432 quasi
1876 1349 1969 1417 nobis
1986 1352 2142 1418 deficiant

141 1435 281 1516 speciem
313 1431 496 1508 charivarii,
528 1433 666 1497 similem
695 1433 726 1498 ei
752 1432 836 1515 quod
858 1453 916 1498 vos
939 1431 1115 1515 aliquando
1165 1434 1269 1498 bonae
1299 1444 1331 1498 et
1360 1432 1558 1497 sufficientes
1587 1434 1740 1510 rationes,
1768 1435 1885 1516 quibus
1907 1457 2018 1502 eorum
2042 1459 2139 1522 argu·

141 1540 218 1585 cum
253 1519 366 1583 essetis
399 1519 536 1595 iuvenis,
570 1518 700 1593 fecistis,
730 1540 788 1584 vos
821 1519 912 1584 scitis
945 1517 1027 1583 bene
1049 1517 1114 1581 ubi.
1166 1520 1285 1584 mentis
1318 1519 1563 1583 satisfaciamus.
1586 1519 1759 1594 ‚Profecto
1780 1521 1966 1588 audivimus
1994 1545 2140 1607 nupera

140 1604 304 1669 Nolumus
326 1602 477 1687 amplius
498 1603 621 1669 dicere:
644 1606 721 1685 quia
741 1615 895 1687 putamus
918 1624 975 1668 vos
992 1623 1115 1668 memo·
1166 1604 1304 1687 quodam
1326 1605 1438 1677 amico,
1462 1603 1517 1685 qui
1537 1624 1641 1686 nuper
1662 1605 1798 1670 eRoma
1819 1606 1950 1671 rediens
1971 1629 2046 1673 cum
2058 1608 2140 1676 Oar-

119 1711 197 1755 res
215 1710 284 1755 esse
305 1699 433 1755 vestrae
454 1690 615 1772 quondam
639 1691 911 1772 vesperisationis.
1167 1689 1270 1754 dinali
1290 1688 1330 1753 de
1364 1688 1582 1772 Letharingia
1610 1690 1740 1755 transiit
1770 1709 1830 1774 per
1855 1693 2035 1772 Genavam,
2064 1694 2139 1760 illos

230 1775 296 1840 Sed
323 1772 365 1838 ad
394 1796 463 1839 rem
486 1776 667 1840 redeamus.
708 1775 888 1841 lntitulatio
911 1776 1003 1840 nobis
1027 1773 1115 1838 vide·
1166 1797 1232 1839 non
1254 1774 1397 1839 multum
1419 1795 1535 1840 curare
1557 1774 1802 1857 diffamationes,
1826 1778 1942 1859 quibus
1964 1780 2051 1861 ipsos
2073 1788 2142 1845 tra·

142 1870 200 1926 tur
232 1863 353 1943 optime
388 1861 562 1925 convenire
591 1861 652 1943 ipsi
683 1863 787 1945 operi:
821 1862 897 1943 quia
927 1860 1117 1925 decentibus
1167 1860 1317 1927 ducimus
1347 1859 1388 1925 ad
1417 1860 1583 1942 populum,
1611 1860 1663 1924 vel
1692 1862 1727 1924 in
1761 1863 2063 1945 praedicationibus,
2085 1866 2140 1932 vel

141 1947 325 2031 opprobriis
347 1955 380 2010 et
397 1945 602 2011 omnifariam
621 1947 752 2012 iniuriis
778 1948 865 2029 ipsos
887 1946 1118 2011 convenienter
1167 1949 1202 2011 in
1231 1946 1323 2010 libris
1345 1946 1483 2010 nostris:
1513 1955 1546 2010 et
1575 1944 1687 2011 dicunt
1709 1968 1779 2012 esse
1797 1949 1942 2032 crepitus
1963 1957 1995 2014 et
2016 1959 2139 2029 ructus,

141 2031 324 2097 traducitis.
358 2032 425 2095 Nos
437 2033 546 2111 mirati
562 2053 676 2097 sumus
687 2033 744 2098 ubi
756 2043 880 2097 tantam
894 2032 1116 2097 diversitatem
1167 2053 1248 2115 quos
1269 2032 1448 2097 emittimus
1473 2040 1546 2113 post
1574 2031 1687 2113 epulas
1717 2041 1751 2097 et
1779 2037 2083 2102 commessationes:
2107 2044 2140 2101 et

141 2119 315 2202 potueritis
326 2118 487 2182 invenire:
501 2138 561 2181 nec
571 2119 811 2201 putavissemus
822 2119 855 2182 in
868 2117 1116 2183 uniushominis
1168 2116 1255 2201 quod
1276 2115 1395 2181 talibus
1416 2116 1514 2182 rebus
1545 2117 1643 2198 (proh
1672 2116 1776 2198 dolor)
1800 2120 1949 2184 caninam
1972 2120 2140 2204 impuden-

142 2204 252 2285 eapite
260 2224 353 2286 posse
365 2204 502 2286 reperiri
513 2212 580 2267 tam
592 2204 747 2268 mirificas
758 2206 881 2285 species
889 2202 1116 2278 obiectionum‚
1168 2206 1248 2268 tiam
1271 2213 1304 2266 et
1325 2203 1487 2268 asininam
1520 2201 1526 2214 '
1553 2205 1736 2268 uorantiam
1759 2217 1905 2271 nostram
1927 2202 2139 2273 ostendimus.

142 2290 368 2366 reiectionum,
397 2289 615 2369 stropharum,
652 2289 940 2371 antistropharum,
970 2297 1116 2371 apostro·
1168 2288 1307 2355 Addunt
1324 2288 1434 2364 etiam,
1457 2308 1520 2369 quc
1561 2287 1667 2352 dicere
1689 2289 1920 2368 erubescimus,
1943 2290 2036 2357 nobis
2053 2292 2140 2357 idem

142 2376 285 2459 pharum
305 2375 375 2439 sive
393 2376 653 2451 conversionum,
670 2375 828 2447 (convitia
850 2383 883 2439 et
904 2373 1117 2440 contumelias
1169 2376 1318 2439 evenisse
1345 2373 1430 2455 quod
1460 2372 1590 2454 quidam
1614 2375 1746 2440 inimico
1767 2396 1826 2440 suo
1847 2376 1994 2460 optabat:
2023 2398 2139 2460 nempe

144 2461 313 2543 appellent
335 2461 398 2542 ipsi
420 2462 446 2525 si
466 2460 582 2538 velint)
606 2460 661 2524 sed
682 2481 739 2525 vos
760 2462 892 2544 egregie
914 2461 1000 2542 ipsos
1023 2459 1117 2524 refel-
1169 2479 1206 2524 ut
1233 2460 1360 2542 quoties
1388 2457 1487 2522 vellet
1514 2470 1626 2523 contra
1653 2459 1761 2541 ipsum
1784 2461 1898 2538 dicere,
1921 2483 1980 2544 pro
2002 2463 2140 2548 singulis

143 2546 232 2611 litis:
256 2545 426 2610 ostenditis
448 2544 524 2628 quid
546 2546 798 2628 quinquennalis
820 2546 911 2612 labor
932 2545 1062 2623 efficiat,
1084 2559 1118 2609 et
1169 2547 1278 2611 verbis
1300 2544 1443 2628 singulos
1461 2545 1595 2609 bombos
1616 2545 1686 2609 sive
1708 2547 1849 2628 crepitus
1870 2548 2043 2613 evibraret
2086 2548 2140 2613 Ita

144 2633 229 2715 quod
244 2652 303 2696 vos
320 2633 355 2695 in
374 2633 438 2696 ista
455 2643 594 2706 senecta,
613 2653 696 2713 quae
709 2630 840 2696 deberet
850 2652 920 2696 esse
932 2632 1024 2696 vobis
1037 2639 1118 2695 tem-
1169 2653 1229 2696 nos
1253 2630 1434 2695 bombisare
1467 2638 1500 2694 et
1527 2629 1685 2712 crepitare
1715 2632 1841 2714 quoties
1870 2632 1904 2697 in
1927 2634 2014 2716 ipsos
2035 2633 2142 2700 dicere

144 2738 208 2802 pus
225 2718 352 2800 quietis,
381 2738 446 2781 non
476 2737 604 2800 semper
628 2716 836 2783 dormivistis.
876 2716 1118 2781 Tantummodo
1168 2718 1327 2783 volumus.

145 2804 361 2868 voluissemus
380 2824 438 2867 vos
456 2823 639 2868 reservasse
657 2802 778 2885 aliquid
797 2824 855 2886 pro
873 2802 1007 2885 replica:
1035 2811 1073 2866 ut
1089 2802 1117 2866 si
1256 2800 1323 2867 Sed
1346 2803 1424 2866 satis
1447 2800 1487 2865 de
1508 2801 1569 2865 his.
1614 2801 1682 2866 Pro
1703 2802 1917 2880 conclusione,
1940 2824 2000 2868 nos
2021 2803 2142 2869 iudica·

144 2891 199 2955 isti
233 2889 411 2955 nebulones
439 2887 559 2970 aliquid
590 2889 779 2963 rescribant,
812 2890 923 2952 statim
954 2887 1119 2953 haberetis
1170 2911 1244 2952 mus
1271 2908 1340 2952 esse
1372 2885 1476 2951 multo
1505 2886 1622 2951 melius
1644 2896 1756 2953 tenere
1778 2887 1920 2972 aliquam
1944 2910 2143 2966 mensuram,

144 2984 299 3057 tanquam
331 2995 431 3038 arnum
462 2974 612 3039 baculum
641 2975 675 3038 in
696 2994 807 3054 manu,
829 2973 870 3038 ad
893 2971 1034 3038 dandum
1058 2974 1117 3038 ite·
1171 2975 1248 3057 quia
1279 2994 1338 3038 nos
1370 2972 1469 3036 ctiam
1502 2970 1618 3037 damus
1646 2973 1693 3036 eis
1720 2975 1919 3039 occasionem
1955 2974 2142 3058 inquirendi

146 3082 218 3124 rum
252 3061 333 3142 ipsis
367 3080 465 3141 supra
494 3071 600 3140 caput,
630 3060 658 3125 si
686 3059 789 3123 velint
818 3058 924 3123 adhuc
952 3061 1117 3142 grunnire.
1171 3061 1306 3142 propius
1328 3078 1427 3140 supra
1445 3078 1503 3122 nos
1525 3066 1559 3122 et
1581 3079 1681 3141 supra
1700 3058 1802 3123 vitam
1820 3069 1965 3125 nostram
1988 3072 2021 3124 et
2043 3060 2143 3127 disco

146 3144 249 3211 Scitis
274 3146 360 3209 enim
395 3145 479 3228 quod
509 3165 574 3209 non
609 3157 738 3229 oportet
758 3146 869 3210 statim
892 3146 1001 3209 omnia
1030 3164 1120 3209 arma
1170 3143 1317 3230 periendi
1340 3143 1452 3219 multa,
1471 3163 1553 3225 quae
1574 3143 1692 3208 melius
1715 3152 1800 3210 esset
1821 3144 1934 3210 latere.
1965 3145 2143 3212 Possemus

146 3231 320 3296 extrahere
350 3232 382 3293 in
419 3232 563 3295 hostem:
592 3231 648 3296 sed
679 3230 879 3296 reservanda
907 3251 979 3296 csse
1010 3230 1119 3312 aliqua
1172 3230 1312 3313 allegare
1340 3229 1498 3311 quaedam
1531 3227 1572 3293 de
1595 3229 1635 3294 iis
1662 3230 1717 3311 qui
1749 3231 1870 3313 scripta
1899 3252 1959 3295 sua
1986 3230 2142 3297 adversus

146 3338 205 3401 pro
235 3327 381 3382 extremo
409 3327 553 3398 ternpore
582 3316 795 3382 necessitatis.
850 3315 918 3381 Sed
946 3316 1119 3399 praecipue
1171 3317 1244 3381 illos
1265 3313 1446 3379 ediderunt.
1476 3312 1542 3380 Sed
1564 3323 1602 3378 ut
1623 3316 1689 3378 iarn
1706 3313 1856 3393 diximus,
1880 3316 1960 3382 haec
1978 3316 2143 3382 sufficient

147 3403 229 3468 haec
250 3401 366 3485 regula
389 3402 530 3467 tenenda
561 3404 594 3467 iu
626 3403 685 3468 hoc
706 3404 894 3478 certamine,
917 3403 951 3465 in
978 3422 1043 3482 quo
1064 3400 1118 3464 de·
1170 3423 1229 3484 pro
1254 3420 1350 3464 nunc.
1397 3398 1493 3480 Quod
1518 3401 1643 3466 vocatis
1675 3400 1795 3466 librum
1824 3412 1970 3466 vestrum
1997 3401 2141 3467 Traduc-

146 3490 251 3554 fensio
273 3488 405 3570 ponitur
427 3490 461 3551 in
483 3488 627 3553 iniuriis:
655 3490 731 3569 quia
752 3499 801 3552 est
818 3508 939 3571 magna
960 3507 1119 3553 vereeuu-
1171 3489 1292 3551 tionem
1312 3487 1442 3551 Larvae
1456 3484 1654 3564 Calvinicae,
1677 3485 1770 3551 nobis
1792 3484 2014 3552 videturesse
2036 3488 2142 3587 magis

146 3575 236 3638 datio
259 3575 286 3638 ei
311 3574 364 3656 qui
383 3573 466 3638 nibil
488 3574 587 3637 habet
608 3573 748 3656 amplius
769 3572 855 3654 quod
876 3574 971 3650 dicat,
993 3574 1054 3636 nisi
1078 3571 1120 3636 ad
1170 3574 1338 3656 proprium
1368 3572 1536 3654 magisque
1564 3572 1769 3648 conveniens,
1797 3573 1824 3637 sl
1849 3570 2009 3652 dicerebs,
2037 3573 2141 3656 ipsius

146 3658 345 3742 principium
374 3660 496 3725 redcat.
528 3658 736 3723 Reducemus
758 3658 851 3723 vobis
871 3660 905 3721 in
929 3660 1119 3722 memoriam
1171 3659 1310 3723 Calvini.
1345 3655 1433 3736 Quia
1453 3657 1516 3739 ipsi
1538 3654 1648 3721 dicent
1670 3677 1729 3720 vos
1746 3658 1881 3723 finxisse
1903 3657 2027 3723 larvam
2039 3680 2141 3740 quan·

146 3766 218 3810 rem
240 3753 363 3827 gestam
387 3744 553 3810 aGalerio
575 3746 631 3809 illo
650 3744 762 3809 fatista
784 3754 851 3808 tam
872 3743 1041 3820 maledico,
1064 3744 1120 3825 qui
1171 3744 1244 3808 dam
1268 3763 1386 3806 novam
1410 3741 1450 3806 ad
1473 3753 1620 3806 vestrum
1642 3742 1842 3824 appetitum:
1865 3751 1900 3808 et
1921 3743 2018 3809 talem
2041 3744 2142 3809 etiam

147 3829 322 3912 aliquando
345 3852 386 3894 ex
408 3843 575 3913 compacto
598 3832 678 3897 vicit
699 3830 935 3914 Harengiarias
957 3831 997 3893 de
1018 3850 1120 3910 parvo
1171 3831 1233 3913 ipsi
1255 3848 1411 3910 personae
1435 3825 1566 3891 (ialvini
1587 3847 1652 3890 non
1675 3829 1859 3893 convenire.
1904 3830 2027 3894 Dicent
2042 3829 2143 3894 etiam

147 3924 256 3999 ponte,
279 3937 360 3998 quae
382 3926 461 3980 sunt
479 3915 572 3980 valde
591 3917 764 3980 iniuriosae
777 3926 1013 3987 etvenenosae.
1035 3914 1119 3996 quod
1172 3935 1232 3980 vos
1254 3934 1382 3996 semper
1402 3932 1473 3976 esse
1489 3914 1592 3976 vestri
1604 3912 1753 3989 similem,
1776 3922 1810 3977 et
1831 3913 1917 3996 quod
1940 3914 2141 3998 voluptatem

145 4021 202 4066 eas
224 4000 409 4084 aliquandiu
437 4003 599 4084 patienter
626 4002 719 4065 virus
742 4022 836 4066 suum
860 4023 1009 4067 evomere
1027 4002 1120 4065 sivis-
1172 4001 1286 4082 capitis
1314 3998 1354 4062 ad
1382 3997 1595 4082 pugnandum
1623 4019 1696 4062 cum
1726 3999 1826 4062 larvis
1852 4007 1886 4062 et
1907 3999 2040 4077 umbris,
2062 4019 2142 4082 quas

145 4097 205 4158 set,
230 4097 262 4150 et
284 4098 395 4170 postea
427 4089 496 4169 ipse
529 4108 641 4153 recens
673 4110 707 4150 se
740 4087 873 4171 proiecit
906 4098 939 4150 et
969 4088 1064 4151 irruit
1085 4087 1119 4149 in
1173 4087 1313 4167 vosipsi
1345 4083 1526 4149 fabricastis
1560 4086 1593 4146 in
1616 4091 1727 4148 vestro
1747 4084 1888 4147 cerebro.
1934 4083 2022 4163 Quia
2043 4086 2140 4149 etiam

144 4177 249 4238 fessas
276 4182 312 4237 et
340 4193 461 4248 macas,
490 4193 572 4256 quae
602 4173 685 4237 nibil
714 4173 854 4256 amplius
882 4180 1032 4256 poterant
1063 4192 1119 4235 ex·
1146 4204 1149 4268 ι
1172 4171 1234 4236 fuit
1262 4191 1358 4235 causa
1391 4173 1526 4252 propter
1557 4187 1654 4249 quam
1687 4166 1847 4233 Calvinus
1871 4189 1929 4233 vos
1961 4170 2141 4234 morionem

145 4259 313 4343 probrare,
345 4280 440 4340 quam
481 4259 566 4340 quod
601 4268 697 4323 antea
729 4257 897 4323 dixerant:
929 4270 1026 4339 atque
1059 4258 1121 4322 hoc
1173 4268 1229 4321 aut-
1251 4256 1387 4320 stultum
1402 4265 1592 4320 vocaverat:
1615 4254 1691 4335 quia
1712 4253 1837 4319 scilicet
1859 4253 2025 4319 faciebatis
2042 4275 2141 4319 unam

145 4343 243 4409 modo
269 4344 344 4410 fecit
367 4347 453 4425 ipsas
481 4348 597 4422 tacere,
628 4345 724 4409 etiam
748 4343 878 4423 invitas,
907 4354 940 4407 et
969 4343 1121 4406 victorio·
1173 4362 1325 4425 magnam
1345 4339 1547 4424 tragoediam
1577 4337 1617 4402 de
1641 4338 1732 4403 falsis
1754 4339 1947 4420 quibusdam
1969 4340 2142 4422 postulatis

146 4450 205 4495 sus
223 4429 404 4511 reportavit
424 4451 525 4494 rrnrrm
544 4431 664 4495 bonum
688 4430 920 4515 bombycinum
942 4427 982 4493 de
1004 4428 1122 4505 sacino,
1173 4428 1213 4492 de
1237 4428 1379 4491 Interim.
1424 4426 1510 4490 Erat
1536 4432 1646 4488 autem
1678 4443 1769 4488 mera
1795 4425 1913 4489 fabula.
1956 4423 2034 4491 Ideo
2055 4426 2140 4491 dice·

147 4536 208 4598 pro
230 4536 293 4598 quo
325 4516 518 4597 deposuerat
552 4517 614 4579 nisi
649 4517 736 4598 ipsas
764 4518 917 4580 vinceret.
963 4514 1123 4577 Nolumus
1174 4513 1230 4578 bat
1258 4534 1315 4576 vos
1346 4531 1493 4594 pugnare
1520 4531 1594 4576 cum
1625 4511 1741 4575 umbra
1770 4517 1890 4574 vestra.
1931 4510 1973 4573 Et
2006 4512 2053 4576 ita
2083 4530 2141 4576 vos

147 4610 237 4668 certe
260 4623 317 4667 vos
334 4601 453 4667 talibus
472 4601 673 4667 mulierculis
684 4601 884 4667 assimilare:
906 4600 999 4665 absit.
1035 4597 1123 4680 Quia
1172 4598 1455 4681 exprobrationem
1478 4599 1574 4661 istam
1597 4595 1703 4678 magis
1721 4617 1802 4661 acm
1848 4595 1875 4659 's
1895 4596 2139 4661 confirmabitis.

148 4685 270 4752 scimus
294 4687 400 4752 virum
430 4696 557 4769 poetam
585 4687 690 4769 qualis
719 4708 778 4752 vos
800 4687 888 4763 estis,
911 4706 975 4750 non
1007 4685 1055 4750 ita
1077 4686 1123 4749 in·
1173 4685 1268 4765 Quod
1291 4695 1357 4747 tres
1386 4684 1504 4747 Tomos
1529 4680 1637 4745 facitis
1659 4680 1698 4744 dc
1720 4703 1784 4744 uno
1806 4681 1829 4745 li
1853 4701 1890 4745 ro
1911 4701 1979 4745 non
2000 4683 2141 4747 multum

147 4773 269 4837 iuriare
290 4774 362 4837 sive
383 4772 542 4837 ledoriare
562 4781 599 4837 ut
621 4773 779 4856 pistrices,
800 4773 895 4838 sicuti
918 4773 959 4836 ab
981 4772 1123 4854 antiquis
1172 4789 1302 4853 magno,
1324 4770 1386 4851 ipsi
1408 4769 1506 4832 etiam
1527 4766 1691 4831 ridebunt
1730 4766 1773 4830 Et
1790 4767 1946 4833 Lectores
1967 4775 2142 4850 antequam

148 4859 273 4923 dictum
296 4872 355 4935 est,
379 4858 691 4940 aelmaenopolides.
709 4859 778 4922 sive
796 4857 1029 4941 harengiarias,
1048 4858 1123 4938 quia
1171 4855 1441 4937 introspexerint,
1471 4853 1634 4935 putabunt
1665 4851 1733 4917 illic
1769 4872 1840 4919 esse
1868 4872 1973 4917 unum
2001 4860 2140 4933 tantum,

147 4964 270 5027 magna
291 4955 342 5009 est
362 4942 552 5009 diversitas:
576 4967 634 5010 nec
653 4945 684 5007 id
696 4942 886 5028 paternitati
905 4955 1034 5008 vestrae
1046 4962 1121 5006 con·
1172 4950 1206 5008 et
1227 4950 1340 5024 petent
1359 4939 1493 5005 ubinam
1515 4946 1613 5003 erunt
1633 4937 1688 5002 alii
1710 4937 1783 5003 duo.
1826 4937 1951 5003 Verum
1973 4938 2143 5006 enimvero

147 5031 287 5095 veniret.
332 5028 544 5096 Sclummodo
574 5053 631 5096 vos
653 5029 827 5094 admonere
849 5028 1021 5104 voluimus,
1043 5027 1122 5107 quid
1172 5026 1282 5092 mirati
1304 5047 1417 5092 sumus
1443 5023 1528 5107 quod
1551 5024 1673 5089 vocatis
1695 5043 1754 5088 vos
1776 5024 1952 5088 Doctorem
1973 5024 2142 5090 Parisien·

148 5117 270 5182 bonum
293 5116 380 5180 factu
411 5116 502 5181 nobis
525 5115 702 5181 videretur.
743 5116 812 5181 Nec
838 5115 938 5179 stiam
969 5120 1121 5194 putamus
1175 5133 1244 5178 sem
1266 5110 1381 5177 ordine
1403 5122 1436 5177 et
1456 5110 1591 5192 origine.
1619 5108 1745 5174 Ordine
1755 5108 1886 5191 quidem
1908 5109 2063 5175 fatemur:
2082 5109 2142 5176 sed

147 5202 347 5269 conveniens
369 5222 439 5266 esse
452 5208 562 5266 nostro
579 5200 686 5266 ordini
704 5208 773 5266 tam
784 5197 1018 5282 multiplicibus
1034 5198 1120 5262 iniu-
1172 5198 1297 5281 origine
1314 5198 1387 5263 fieri
1409 5219 1473 5263 non
1492 5208 1606 5279 potest.
1638 5195 1724 5275 Quia
1745 5215 1850 5272 nemo,
1873 5195 1958 5259 sicut
1979 5215 2037 5262 vos
2058 5195 2143 5262 bene

253 5303 365 5360 Ocloim'
378 5318 469 5371 opera
509 5302 565 5358 Vol.
584 5302 613 5356 X
619 5302 666 5358 Vi.
1901 5295 1936 5348 23
