4754 5880
92 295 151 355 117
877 327 880 334 ·
950 294 1031 357 1556
1053 293 1207 360 APRIL.
2023 303 2084 365 118

88 487 218 545 mentes
242 480 400 555 obcaecat,
431 477 488 545 sed
515 481 592 563 quia
630 479 805 564 Verqerac,
827 481 924 546 homo
946 480 1059 559 futilis,
1111 502 1206 564 porro
1235 482 1345 548 fovere
1372 491 1520 568 pergant.
1562 481 1656 547 Idem
1674 505 1751 550 mox
1773 508 1814 550 ex
1835 484 1878 550 D.
1905 485 2086 570 Sclrotyem

88 575 128 630 ut
158 563 264 642 video,
295 567 489 649 praecipuus
522 576 572 629 est
599 566 738 632 actionis
771 573 875 632 autor.
916 564 954 632 Si
981 565 1059 649 quid
1109 567 1278 633 licentiato
1290 589 1485 651 responsum
1500 567 1569 634 tuli.
1603 570 1774 636 Postremo
1785 580 1895 637 autem
1917 580 1950 636 et
1971 572 2083 655 ipsum

88 659 200 716 tamen
230 652 301 728 erit,
331 651 428 717 simul
449 670 487 716 ao
515 649 574 715 tibi
607 651 670 716 erit
703 651 943 729 denunciatum,
976 652 1060 717 nihil
1114 653 1288 718 Toaaanum
1321 663 1356 718 et
1384 653 1594 719 Scleradinum
1625 667 1814 738 praesentes
1841 658 1987 737 conveni,
2026 658 2083 740 qui

88 735 201 801 dubito
224 745 375 820 paratum
397 738 474 802 fore.
515 737 589 801 Hoc
606 757 735 819 semper
767 739 828 802 erit
857 736 950 802 nobis
967 759 1060 821 prae·
1111 746 1184 821 post
1211 739 1332 804 multas
1365 740 1513 821 querelas
1546 737 1586 804 de
1619 742 1761 808 sinistris
1789 742 2028 825 suspicionibus
2050 751 2085 808 et

88 820 253 899 standum,
287 845 330 888 ne
361 822 521 904 colloquia
544 823 725 906 respuendo
755 823 861 889 lucem
890 823 1062 889 videamur
1111 823 1284 890 calumniis
1317 824 1434 907 quibus
1457 826 1578 890 fuerint
1606 828 1735 910 gravati
1769 829 1899 911 egregie
1928 850 1962 894 se
1986 827 2084 893 etad

89 908 212 992 fugere.
253 907 341 989 Quia
372 928 460 973 nuno
489 908 529 973 ad
563 910 734 973 lectionem
768 931 821 975 me
854 909 935 974 hora
957 920 1059 988 vocat,
1111 929 1224 992 paoem
1253 919 1286 976 et
1304 910 1345 974 ad
1378 912 1556 975 amicitiam
1585 912 1766 978 fraternam
1795 914 1989 997 compositos
2011 935 2082 980 esse

89 995 190 1058 finem
211 993 288 1058 huic
308 994 462 1078 epistolae
485 995 609 1060 faciam.
638 995 722 1060 Vale
743 995 854 1078 igitur,
874 995 993 1060 eximie
1008 997 1061 1059 vir
1111 995 1224 1060 testati
1235 1005 1323 1072 sunt,
1337 1004 1370 1061 et
1380 1008 1539 1079 quantum
1550 998 1584 1061 in
1596 1018 1632 1062 se
1643 999 1686 1062 sit
1699 999 1840 1064 libenter
1851 999 2082 1066 declaraturos.

90 1090 123 1145 et
151 1081 254 1144 frater
278 1080 361 1144 mihi
395 1079 572 1162 plurimum
596 1101 724 1163 semper
741 1080 882 1145 colende.
928 1079 1060 1145 Saluta·
1110 1080 1151 1144 In
1179 1102 1217 1146 eo
1249 1089 1360 1145 autem
1382 1081 1513 1147 videtur
1535 1091 1723 1148 constatura
1750 1106 1816 1167 pax
1838 1105 1917 1162 esse,
1951 1087 2082 1168 siquae

88 1165 138 1230 bis
157 1164 330 1249 diligenter
352 1176 560 1250 symmystas.
601 1164 726 1238 Doluit.
748 1176 784 1230 ut
807 1188 866 1249 par
888 1174 966 1244 erat,
989 1187 1060 1231 ves·
1111 1166 1300 1232 desiderant
1319 1168 1355 1231 in
1372 1168 1527 1233 ecclesiae
1537 1170 1770 1234 constitutione
1793 1171 1909 1235 iratres
1930 1192 1997 1235 non
2020 1171 2083 1252 ipsi

88 1257 179 1314 trum
207 1250 379 1334 collegium
402 1261 505 1315 morte
535 1253 640 1317 sancti
663 1251 727 1315 viri
747 1251 901 1317 Polliceor
910 1250 938 1333 ὁ)
961 1252 1060 1316 fuisse
1111 1253 1240 1334 privata
1269 1253 1444 1318 autoritate
1471 1264 1599 1319 mutare
1628 1269 1855 1336 praesumant,
1883 1256 1939 1321 sed
1965 1256 2081 1322 collato

88 1337 307 1401 imminutum.
348 1337 510 1401 Dominus
540 1359 599 1402 nos
620 1335 660 1401 ad
694 1358 729 1401 se
757 1338 894 1403 feliciter
917 1337 1058 1420 colligat.
1111 1358 1186 1402 cum
1216 1339 1419 1404 antistitibus
1446 1340 1515 1403 suis
1544 1350 1576 1404 et
1607 1340 1743 1405 aliarum
1772 1343 1850 1406 item
1873 1342 2082 1407 ecclesiarum

88 1423 135 1486 'l'e
148 1423 274 1487 interea
296 1422 518 1505 familiamque
540 1434 572 1486 et
589 1423 729 1504 reliquos
748 1445 860 1488 omnes
880 1431 1011 1487 tueatur
1029 1432 1061 1487 et
1111 1424 1244 1489 oonsilio
1267 1424 1413 1507 legitima
1441 1424 1644 1490 ordinatione
1667 1425 1707 1489 ad
1731 1429 1908 1511 principem
1931 1429 2082 1505 referant,

88 1507 247 1590 gubernet
267 1517 431 1591 perpetuo.
472 1508 628 1573 Genevae
650 1512 699 1572 22.
722 1509 846 1592 Aprilis
874 1514 962 1572 1556.
1111 1530 1152 1573 ne
1174 1518 1308 1591 propter
1329 1519 1480 1575 externos
1498 1513 1582 1576 ritus
1600 1509 1767 1577 scindatur
1788 1533 1964 1578 consensus
1986 1512 2084 1578 eecle-

1110 1595 1178 1659 siae
1207 1605 1303 1678 atque
1332 1596 1559 1678 tranquillitas.
1600 1595 1667 1662 Sed
1701 1598 1764 1661 iam
1789 1599 1861 1664 vale
1892 1600 1928 1664 in
1952 1597 2083 1664 Obristo

1109 1680 1194 1830 {2⁸5¹}
1218 1700 1292 1745 eum
1326 1683 1391 1746 tuis
1424 1683 1583 1747 omnibus.
1629 1683 1729 1748 Basil.
1762 1688 1812 1748 24.
1839 1684 1963 1767 Aprilis
1996 1705 2082 1749 anno

478 1868 646 1947 *mr-*-
660 1943 679 1946 r
1768 1907 1805 1972 Τ.
1831 1905 1996 1972 Sulcerus.

537 1645 678 1710 Ioannes
706 1645 866 1711 Calvinus
887 1655 973 1712 tuus.

520 2191 620 2261 2437.

310 2346 550 2414 SULZERUS
573 2344 837 2412 BLAURERO.

175 2517 313 2583 Pertinet
357 2519 399 2582 ad
447 2518 567 2601 negotia
609 2519 815 2586 eeclesiastico
853 2516 1058 2601 Mombelyar-
1545 2448 1645 2518 Μ’

88 2603 238 2669 densium.
1169 2634 1174 2644 ,
1345 2584 1607 2652 BALDUINUS
1631 2584 1849 2650 OALVINO.

89 2775 141 2840 (Ex
159 2775 329 2844 autographo
347 2774 410 2828 eod.
423 2775 603 2844 sangallensis
621 2774 697 2827 MSS.
710 2773 753 2835 37,
770 2775 840 2842 Epp.
855 2773 927 2828 VIII.
945 2773 1058 2840 solea.)
1196 2756 1277 2840 Ayt'l
1294 2757 1331 2821 de
1351 2757 1557 2821 marmorata
1583 2777 1661 2837 quae
1688 2757 1753 2838 ipsi
1774 2762 1818 2820 esi
1839 2775 1908 2820 cum
1930 2754 2083 2822 Duaretw

1111 2847 1138 2907 et
1173 2841 1336 2906 Calvinum
1363 2843 1397 2905 ia
1430 2862 1508 2906 suos
1530 2848 1640 2924 parles
1664 2841 1784 2906 trabere
1812 2843 1913 2908 studet
1940 2844 2083 2923 quasia

89 2946 170 3010 Viro
192 2945 473 3028 praestantissimo
495 2946 536 3010 D.
561 2945 606 3011 M.
631 2944 805 3010 Ambrosio
828 2944 987 3009 Blaurero
1006 2944 1059 3010 do·
1111 2929 1153 2992 ad
1175 2948 1245 2992 eum
1264 2948 1316 2992 lei
1331 2928 1495 3010 perlimi-

89 3034 177 3097 mino
206 3042 240 3095 et
272 3040 473 3116 symmystae
502 3040 658 3113 perpetua
679 3030 886 3096 observantia
907 3030 989 3094 mihi
1007 3051 1059 3096 eo·
1170 3100 1176 3111 ι
1339 3097 1344 3108 ⁸
1482 3099 1488 3111 .
1551 3100 1556 3110 Ι
1907 3099 1942 3110 ..
2032 3099 2063 3110 ..

478 3116 674 3182 londiggimo,
1112 3099 1207 3163 (Edita
1226 3104 1268 3152 est
1285 3099 1319 3152 ub
1337 3115 1396 3165 ipso
1414 3097 1525 3152 Calvino
1548 3117 1575 3152 rn
1599 3115 1648 3150 sua
1665 3099 1745 3167 Resp.
1765 3097 1799 3150 ed
1817 3098 1942 3151 Baldmnr
1961 3114 2082 3152 convicia

1547 3183 1574 3235 r·
1591 3165 1649 3233 50.)

90 3374 240 3440 Farellue
272 3372 423 3438 miranda
452 3372 669 3438 sollieitudine
692 3381 848 3455 perpetuo
868 3393 927 3456 pro
950 3372 1058 3436 fratri-

89 3461 149 3526 bus
194 3462 229 3524 in
266 3482 343 3543 agro
381 3459 675 3542 Montbclgartensi
713 3459 884 3542 agentibus
917 3460 1058 3541 angitur,

90 3549 164 3628 quia
185 3547 369 3629 periculum
392 3546 510 3609 metuit
536 3546 652 3626 nequi
683 3545 799 3626 reliqui
822 3554 999 3625 supersunt
1019 3564 1039 3607 a

91 3634 267 3697 eiectorum
297 3632 460 3696 sententie
495 3651 562 3694 non
596 3630 692 3695 alieni
722 3641 756 3692 et
785 3630 848 3712 ipsi
872 3629 1059 3711 propediem

89 3719 276 3794 eiiciantur,
309 3727 342 3781 et
374 3716 577 3781 convellatur
611 3715 764 3781 ecclesiae
793 3715 871 3778 ordo
901 3724 934 3778 et
966 3714 1060 3779 disci·
1193 3767 1199 3778 .
1431 3765 1438 3777 .
1671 3765 1677 3777 .

89 3804 187 3887 plina
233 3802 344 3881 Quare
367 3825 386 3866 a
412 3824 465 3866 me
492 3802 669 3884 postulavit
694 3813 731 3865 ut
759 3821 888 3882 operam
917 3802 1060 3883 interpo„
1111 3776 1218 3848 coepit
1240 3765 1280 3829 de
1302 3765 1460 3848 colloquio
1480 3775 1586 3831 tecum
1604 3764 1725 3842 habito,
1748 3777 1781 3828 ct
1802 3786 1862 3829 nos
1884 3774 1952 3828 tem
1974 3766 2080 3830 fatuos

89 3911 201 3954 nerem
225 3888 363 3953 fidelem.
416 3887 524 3967 Quam
554 3899 591 3951 ut
620 3887 720 3951 debeo
751 3887 905 3952 ecclesiae
934 3887 1061 3968 piisque
1111 3853 1228 3934 f⁰⁰g⁰⁸
1257 3872 1328 3915 ⁰⁸⁸⁰
1356 3853 1486 3932 pumlit
1508 3862 1544 3915 nt
1573 3873 1638 3914 ¹¹⁰⁰
1668 3850 1864 3915 ⁸⁰¹¹tir⁰m¹¹⁸
1893 3850 1970 3932 quid
1999 3851 2081 3933 ΨΒ·

90 3974 256 4053 fratribus,
278 3975 326 4038 itu
355 3995 420 4037 non
443 3972 510 4037 vidi
542 3993 607 4055 que
628 3973 754 4037 ratione
775 3985 975 4056 praestarem
998 3971 1061 4035 nisi
1112 3950 1161 4036 sit
1179 3947 1212 4035 ‘ll
1234 3956 1322 4035 mim
1340 3945 1459 4034 afflet*
1494 3935 1696 4035 omiseram.
1716 3936 1940 4035 G⁰rmal¹l³m’
1969 3956 2083 4018 ‘luam'

1113 4023 1169 4087 d1u
1190 4022 1307 4086 rnsehx
1329 4031 1362 4087 et
1383 4022 1572 4105 1mprudcns
1583 4023 1666 4087 tales
1688 4044 1721 4085 in
1742 4043 1799 4086 suo
1822 4043 1895 4084 sinu
1915 4031 2083 4104 serpentes

89 4063 180 4144 prim
210 4061 341 4143 ⁰⁰g⁰it⁰
369 4061 500 4142 penitus
529 4059 658 4142 negm
687 4068 719 4122 et
749 4058 939 4140 praesertim
963 4057 1061 4122 emle'
1112 4109 1194 4173 aletl
1242 4108 1397 4173 Miseram
1439 4107 1606 4191 religionis
1639 4128 1780 4185 causam,
1815 4105 1969 4189 quamdiu
2002 4106 2084 4170 tales

90 4147 155 4212 siae
189 4147 259 4211 eius
292 4156 389 4210 statu.
404 4144 429 4229 ¹)
474 4145 624 4208 Primum
658 4153 767 4209 autem
801 4142 1062 4209 commodissime
1134 4193 1189 4257 dl
1418 4194 1424 4206 .
1503 4195 1509 4206 .
1558 4193 1593 4256 ,Π
1617 4195 1636 4257 d
1704 4194 1711 4242 ἵ
1760 4192 1801 4255 Μ.
2074 4191 2081 4205 .

91 4233 218 4298 oblatus
241 4232 323 4296 mihi
346 4231 535 4297 Hoecka'ncs
557 4240 668 4295 noster
686 4239 744 4306 est,
767 4231 822 4312 qui
845 4230 1061 4312 interroganti
1113 4201 1426 4293 amrspngm
1461 4214 1529 4292 ΨΒ
1556 4216 1568 4256 ¹
1594 4216 1613 4256 ¹¹
1639 4201 1711 4292 elt·
1793 4213 1895 4304 ,ΜΝΞ
1923 4213 1997 4266 ”⁰⁸⁹
2027 4213 2084 4274 ‘³¹¹¹

1113 4302 1186 4345 oum
1219 4299 1359 4362 mgenus
1388 4280 1611 4344 conflictamur
1643 4277 1817 4343 emsmodrl
1859 4278 1933 4341 lion
1963 4286 2085 4342 temere

90 4339 149 4401 pro
171 4339 231 4384 suo
253 4317 393 4383 caudore
411 4314 581 4415 respondit
599 4323 934 4415 sanctequetestatus
956 4316 1062 4414 estin
1113 4388 1166 4430 me
1194 4365 1275 4429 haec
1298 4362 1337 4427 de
1360 4363 1465 4429 loram
1499 4365 1589 4430 brevi
1613 4378 1649 4428 ut
1670 4386 1686 4428 s
1709 4386 1764 4428 om
1825 4364 1993 4428 aoefaoiam
2039 4364 2085 4427 Et

92 4403 176 4469 hwa
208 4424 289 4488 Pace
318 4423 443 4468 versam
472 4422 591 4476 omma'
620 4402 739 4466 fratres
762 4400 853 4486 d¹l¹g¹
876 4422 895 4464 a
916 4420 1063 4483 pnnfflpe
1114 4473 1132 4515 ο
1158 4450 1284 4514 beatam
1312 4385 1412 4528 illlam,
1446 4416 1528 4531 qbae
1556 4451 1624 4515 suis
1641 4385 1860 4532 pridito'rillus
1883 4413 2006 4513 larvam
2029 4446 2085 4513 de·

92 4501 124 4554 et
155 4489 359 4567 consiliariis,
384 4499 421 4553 ut
449 4486 490 4552 de
521 4487 663 4569 periculo
686 4508 753 4552 non
770 4490 812 4551 sit
832 4486 898 4552 ullo
916 4497 1063 4551 metuen·
1497 4537 1502 4550 .
1530 4537 1536 4550 .
1585 4537 1592 4549 .
1861 4535 1867 4547 .
1964 4534 1970 4546 .
2022 4535 2028 4548 .

93 4574 169 4640 dum
200 4576 291 4658 ipsis,
327 4574 422 4639 modo
455 4594 552 4654 quam
587 4575 739 4638 foverunt
768 4593 880 4657 pacem
904 4573 1063 4637 hactenus
1115 4536 1240 4635 ΜΨ
1282 4535 1410 4599 malam
1445 4536 1611 4634 ³⁰¹¹g¹⁰¹¹l⁸
1639 4555 1780 4612 ΝΜ
1818 4555 1911 4632 ⁰l¹¹¹¹⁸
1939 4533 2085 4599 demffl

1115 4622 1233 4687 oculati
1262 4624 1355 4686 sunt!
1390 4621 1501 4686 beatos
1530 4622 1668 4702 demque
1696 4640 2085 4702 nos,qu1eorumprae-

93 4749 285 4760 -.--
1115 4708 1196 4774 sidio
1227 4716 1436 4789 protegemur
1471 4706 1627 4772 adversus
1664 4706 1912 4770 domesticorum
1941 4706 2084 4771 hostium

193 4864 223 4930 5)
245 4864 281 4918 N,
308 4863 386 4932 2425,
416 4871 471 4919 aot.
497 4864 522 4918 3·
560 4864 602 4929 Of·
630 4867 711 4920 mam
738 4864 810 4918 Hm
844 4863 918 4917 Μ
945 4863 978 4916 H·
1004 4862 1063 4916 281.
1115 4793 1284 4860 cuniculos
1302 4804 1400 4875 etque
1422 4793 1572 4857 1ns1d1asl

94 4933 195 5005 uqa,
213 4934 280 4988 aa.
297 4934 330 4987 11.
348 4933 390 4987 40.
418 4934 545 4989 mosea
566 4934 640 4987 Mur.
661 4931 727 4986 rrae
742 4950 770 5000 ρ.
790 4905 848 4984 rbi.
878 4931 952 4985 otro
969 4949 994 4985 a.
1012 4940 1063 4986 aar.
1322 4998 1326 5008 Ι
1744 4997 1748 5007 ¹
1866 4997 1871 5007 Ι
2067 4995 2073 5008 ⁶

93 5001 124 5056 te
141 5010 167 5058 et
183 5004 302 5056 moriens
315 5004 458 5071 professus
475 5009 516 5057 eet
532 5018 560 5056 se
578 5004 608 5056 in
627 5008 681 5056 toto
700 5003 770 5056 vitoe
788 5008 871 5056 eursu
886 5003 933 5055 vic
949 5016 999 5068 per
1016 5002 1064 5054 tri·
1116 4998 1210 5052 2438.
1221 4998 1248 5064 1)
1271 4996 1339 5066 Quae
1364 4998 1409 5052 bic
1433 5000 1519 5062 fcerit
1543 4999 1684 5058 nescimus,
1711 5002 1793 5049 otram
1819 4997 1925 5064 reliquo
1948 5011 2018 5065 quoe
2043 4995 2087 5050 bre

93 5070 173 5125 duum
191 5074 295 5125 tristem
312 5077 337 5126 et
353 5088 492 5141 nunquum
510 5073 613 5125 iratum
630 5072 724 5136 sciere.
1115 5069 1200 5122 obiter
1218 5073 1402 5120 memorantur
1419 5083 1469 5119 uos
1489 5067 1607 5133 sapiunt.
1645 5065 1806 5118 Meminerat
1829 5070 1918 5117 tomen
1935 5065 1989 5116 iem
2008 5064 2086 5132 apud

93 5139 182 5194 2487.
196 5142 223 5204 l)
250 5140 329 5194 Vides
346 5141 420 5209 ipsos
431 5140 538 5195 Farrlla'
554 5141 656 5194 amicos
674 5142 732 5194 ciue
748 5138 915 5193 invidiosum
932 5137 1017 5190 aelam
1034 5139 1065 5190 ia
1117 5136 1258 5205 Bituriges
1267 5134 1408 5189 Boldua'ao
1420 5151 1481 5189 cem
1490 5134 1624 5188 Duareno
1636 5134 1712 5188 baud
1728 5134 1792 5188 bene
1808 5135 1968 5187 macariae.
1996 5130 2088 5186 Caete-

92 5209 138 5265 boe
154 5211 262 5279 negotio
279 5216 304 5263 et
321 5210 352 5263 iu
374 5209 525 5264 Terrenum
542 5208 664 5264 bortrlem
682 5211 802 5262 animum
820 5208 912 5261 minue
926 5207 1064 5275 probasse.
1116 5221 1178 5258 rum
1197 5206 1231 5273 cf.
1252 5204 1288 5258 N.
1306 5202 1374 5257 2241
1394 5211 1504 5274 atquae
1521 5205 1560 5258 ibi
1577 5205 1776 5256 annotavimus.
1843 5284 1881 5338 8·

1197 3336 1231 3403 S.
1263 3336 1360 3401 Venit
1389 3336 1430 3401 ad
1459 3359 1513 3401 me
1530 3338 1583 3402 his
1605 3337 1717 3402 diebus
1739 3337 1946 3403 Duarenious
1968 3358 2011 3400 ex
2034 3336 2081 3402 lo·

1110 3434 1201 3488 rator
1211 3422 1496 3506 Gallogermanus‚
1509 3427 1534 3496 ¹)
1558 3424 1655 3487 homo
1673 3431 1740 3487 tem
1763 3423 1845 3487 mihi
1867 3423 1932 3486 iam
1954 3359 2080 3505 pridem

1109 3510 1191 3575 bene
1209 3518 1305 3573 notus
1317 3529 1414 3591 quam
1426 3518 1593 3574 setectum
1605 3518 1778 3573 etcautum
1791 3518 1975 3590 esseputat.
2000 3509 2081 3573 'Pam

1110 3594 1290 3659 officiosum
1315 3603 1424 3658 tamen
1453 3595 1662 3659 salutatorem
1691 3594 1938 3676 perhumaniter
1956 3596 2079 3676 excepi.

1110 3681 1257 3746 Pransus
1278 3688 1310 3743 et
1332 3687 1485 3744 coenatus
1504 3701 1630 3744 mecum
1653 3689 1710 3743 est.
1746 3680 1797 3743 Ibi
1820 3679 1925 3744 multa
1945 3700 2081 3744 narrare
