4754 5880
82 328 142 390 129

78 512 250 599 Singulari
263 515 412 582 doctrina
426 522 459 580 et
477 515 597 580 eximia
611 515 730 597 pietate
748 515 813 583 insi
860 518 870 580 i
883 515 925 582 D.
938 516 1055 583 Ioanni

78 600 221 667 Calvino
239 601 445 668 Genevensis
466 601 621 667 ecclesiae
643 603 766 685 pastori
788 605 810 668 fi
834 603 977 668 ehssimo
999 602 1055 669 do·

203 688 294 752 mino
317 699 350 752 et
370 687 466 752 fratri
486 688 523 751 in
545 686 678 753 Christo
700 688 937 754 amantissimo.

285 859 439 924 Gratiam
461 871 493 923 et
515 879 626 941 pacem
648 861 683 923 in
705 859 848 926 Christo.

166 996 337 1077 Quantum
358 996 417 1061 tibi
441 997 570 1078 tuisque
591 996 764 1074 laboribus,
794 999 845 1063 vir
866 998 1055 1075 clarissime,

79 1082 216 1148 ecclesia
228 1081 350 1149 Christi
368 1083 494 1159 debeat,
513 1103 579 1146 non
597 1080 791 1161 dubitamus,
814 1086 842 1149 si
859 1106 919 1167 pro
938 1085 1056 1150 merito

79 1169 147 1243 fiat,
177 1168 235 1232 tibi
258 1168 438 1250 plurimum
460 1167 579 1233 deberi.
625 1168 692 1233 Nos
716 1191 801 1247 vero,
830 1172 886 1253 qui
908 1171 1055 1235 omnium

80 1254 149 1318 fere
169 1255 341 1319 novissimi
362 1253 521 1330 videmur,
545 1266 578 1317 et
595 1254 670 1336 plus
688 1256 746 1319 tibi
765 1253 882 1321 debere
904 1258 1055 1334 fatemur,

81 1338 166 1421 qnod
196 1340 252 1405 alii
279 1341 319 1405 ab
353 1340 426 1405 aliis
459 1339 600 1403 instituti
628 1345 666 1405 ιιι
698 1340 787 1406 solus
815 1363 916 1425 prope
938 1364 973 1407 es
1001 1343 1055 1407 cui

81 1427 241 1490 maiorem
263 1434 389 1507 partem
411 1425 509 1489 huius
529 1428 632 1491 nostri
650 1426 815 1510 profectus
833 1427 1053 1493 vendicamus.

81 1510 252 1591 Quantum
286 1513 374 1576 enim
406 1511 473 1576 tuis
505 1513 726 1576 monumentis
765 1512 889 1579 solidae
921 1514 1054 1597 pictatis

79 1597 172 1662 nobis
204 1599 386 1677 assenserit,
418 1611 578 1679 quantum
611 1619 778 1662 armorum
809 1611 924 1666 contro
957 1600 1053 1664 Anti-

79 1681 240 1750 christum
277 1704 449 1748 romanum
480 1693 513 1746 et
544 1692 592 1748 tot
630 1683 869 1749 haereticorum
908 1693 1055 1750 monstra

79 1769 173 1834 nobis
195 1791 254 1851 per
276 1780 308 1834 te
329 1769 493 1834 Dominus
516 1769 789 1852 suppeditaverit,
818 1772 894 1853 plus
923 1781 1054 1836 nostrae

79 1856 299 1920 conscientiae
320 1853 433 1938 gaudii
453 1856 601 1919 sentiunt
622 1876 720 1936 quam
742 1857 939 1940 cogitatione
960 1878 1054 1922 mens

80 1942 230 2024 concipit,
264 1962 369 2023 neque
393 1961 581 2006 vereremur
614 1941 672 2005 tibi
703 1940 790 2022 apud
818 1951 851 2007 te
880 1943 1054 2025 trophaeos

81 2028 199 2108 quibus
221 2024 340 2110 dignus
362 2048 398 2092 es
419 2027 554 2109 erigere,
585 2026 614 2091 si
643 2048 701 2110 per
730 2036 822 2093 tuam
845 2030 1000 2111 pietatem
1021 2037 1054 2092 et

79 2111 283 2190 modestiam,
312 2134 377 2195 qua
405 2112 528 2196 gloriae
549 2113 692 2177 nominis
723 2114 770 2178 tui
793 2123 997 2197 contemptor
1019 2134 1053 2180 es

80 2209 243 2275 strenuus,
268 2200 480 2280 permitteret.
517 2196 614 2277 Quod
635 2208 748 2262 autem
768 2197 917 2264 adhunc
940 2220 1054 2264 cumu-

78 2281 145 2348 lum
172 2284 400 2349 beneficiorum
423 2283 560 2361 accedit,
592 2295 630 2347 ut
657 2307 698 2349 ex
721 2285 903 2349 memoriali
931 2296 989 2351 tuo
1010 2285 1053 2350 D.

80 2369 268 2434 Lirmonhro
290 2370 366 2434 dato
385 2373 408 2440 ¹)
432 2368 618 2447 didicimus,
650 2381 682 2433 te
711 2392 839 2452 quoque
868 2382 927 2435 tua
947 2371 1053 2436 officia

80 2455 197 2521 offerre
220 2456 374 2521 ecclesiae
396 2470 534 2534 nostrae,
565 2465 690 2537 patrem
713 2456 896 2536 coelestem,
918 2457 974 2539 qui
996 2456 1053 2522 tibi

80 2539 167 2607 hunc
191 2542 337 2606 animum
358 2541 542 2623 inspiravit,
565 2539 796 2607 benedicimus.
832 2541 907 2606 ribi
926 2563 1054 2625 quoque

81 2628 203 2710 gratias
226 2628 386 2691 maximas
408 2649 488 2710 quas
517 2648 690 2709 possumus
712 2629 849 2711 agimus,
880 2636 914 2692 et
940 2626 1054 2692 sedulo

79 2735 138 2796 per
161 2734 283 2777 nomen
310 2713 475 2796 unigeniti
501 2712 563 2777 filii
586 2713 650 2778 Dei
670 2734 854 2797 precamur,
881 2723 918 2778 ut
939 2735 1052 2795 quam·

79 2801 222 2880 primum
245 2799 314 2880 ipse
336 2801 473 2864 veniens
497 2800 557 2864 hoc
576 2802 772 2880 promissum
791 2808 943 2881 praestes.
980 2798 1054 2864 Scis

80 2885 168 2950 enim
191 2885 303 2966 procul
326 2884 423 2950 dubio
444 2885 562 2967 quibus
590 2894 624 2949 et
645 2887 775 2967 quantis
804 2884 979 2951 obstaculis
1001 2885 1054 2949 his

79 2968 267 3053 primordiis
284 2970 438 3037 ecclesiae
456 2970 593 3036 obsistat
610 2968 726 3046 Satan,
748 2970 826 3052 quid
844 2992 970 3053 quoque
986 2991 1055 3035 mo·

79 3056 205 3121 liantur
223 3056 419 3121 Antichristi
442 3057 607 3133 satellites,
631 3057 686 3139 qui
707 3058 774 3121 iam
796 3057 863 3120 fere
886 3079 944 3122 sex
962 3077 1053 3120 men-

81 3143 171 3209 sibus
198 3142 345 3225 legatum
368 3162 470 3227 papae
493 3139 651 3207 detinent.
664 3146 692 3217 ²)
736 3141 870 3208 Soimus
891 3163 950 3207 nos
974 3161 1054 3225 quo-

80 3248 142 3310 que
163 3228 283 3310 quibus
300 3227 487 3294 architectis
505 3227 652 3294 iaciendo
669 3227 893 3306 fundamento,
912 3238 945 3292 et
956 3247 1053 3311 quam

79 3316 224 3379 strenuis
246 3313 526 3396 propulsatoribus
547 3313 705 3379 adversus
727 3314 956 3397 indefatigatus
978 3313 1054 3377 hos-

80 3412 128 3464 tes
142 3398 270 3468 Christi
289 3421 371 3481 opus
389 3400 440 3464 sit.
477 3398 606 3480 Quibus
628 3399 780 3465 omnibus
797 3399 934 3483 agendis
953 3419 1054 3482 quum

80 3497 112 3549 te
135 3483 300 3550 Dominus
323 3506 400 3567 prae
427 3487 564 3551 caeteris
586 3486 654 3549 fere
676 3486 827 3551 omnibus
849 3486 1053 3557 instruxerit.

80 3592 147 3635 non
170 3571 367 3646 dubitamus,
397 3593 455 3654 pro
478 3581 536 3636 tua
557 3573 591 3634 in
614 3572 722 3636 Deum
746 3573 879 3654 pietate,
911 3572 988 3653 quin
1012 3569 1054 3634 ad

80 3667 219 3740 tempus,
250 3658 423 3723 commissa
445 3658 518 3722 aliis
590 3658 698 3722 ricolis
720 3657 818 3721 vinca
839 3656 983 3734 Domini,
1013 3653 1055 3720 nd

80 3758 226 3807 nostram
261 3764 387 3826 quoque
420 3677 632 3826 plantandum
666 3753 700 3806 et
738 3742 927 3825 sopiendam
967 3762 1056 3806 nunc

80 3829 204 3894 venias.
247 3828 284 3893 Si
313 3838 504 3911 putaremus
534 3838 568 3892 te
599 3829 761 3893 humanae
790 3828 928 3892 rationis
957 3848 1054 3911 argu·

81 3916 202 3980 mentis
224 3915 418 3997 promoveri,
448 3914 632 3980 occasiones
653 3914 744 3994 alias,
772 3913 889 3995 quibus
912 3912 975 3978 hoc
996 3912 1055 3976 tibi

82 4001 346 4082 persuadeamus,
369 4021 610 4082 quaereremus.
644 3999 771 4064 Verum
793 4021 894 4082 quum
914 3999 1056 4064 sciamus

82 4098 115 4149 te
127 4085 253 4152 Christi
271 4095 304 4150 et
322 4086 476 4152 ecclesiae
494 4086 565 4150 eius
582 4106 718 4151 serrum
736 4106 817 4163 esse,
840 4086 919 4150 satis
938 4084 1056 4149 habui·

83 4192 155 4236 mus
178 4174 206 4237 si
229 4189 261 4236 te
288 4193 328 4236 ex
352 4192 513 4237 consensu
535 4172 683 4236 omnium
705 4171 932 4237 ministrorum
954 4169 1057 4235 eccle·

82 4257 149 4321 siae
171 4257 395 4340 nobiliumque
414 4257 456 4322 ad
477 4278 572 4339 opem
594 4257 749 4322 ecclesiae
770 4255 937 4322 ferendam
960 4277 1056 4321 roca·

988 332 1069 394 1556
1091 327 1188 395 MAI.

2025 339 2086 403 130

1107 516 1150 585 D.
1173 517 1397 598 tumemus,
1431 519 1533 585 frater
1561 520 1597 584 in
1627 519 1763 588 Christo
1792 522 1886 589 nobis
1918 524 2087 607 colendus,

1108 612 1142 668 te
1170 605 1276 671 literis
1308 607 1480 672 certiorem
1513 604 1636 671 reddet.
1682 608 1776 686 Vale,
1810 609 1862 673 vir
1894 610 2084 690 clarissime,

1108 690 1263 756 ecclesiae
1302 711 1467 757 summum
1500 703 1739 757 ornamentum.
1792 693 1946 762 Christus
1980 697 2083 777 Iesus,

1108 777 1225 842 unicus
1253 786 1401 842 servator
1428 785 1555 853 noster,
1589 787 1622 842 ts
1651 799 1729 843 suae
1758 778 1913 846 ecclesiae
1940 782 2084 850 afflictae

1109 870 1220 926 serrat
1241 861 1298 926 diu
1328 862 1458 928 fidelem
1478 864 1666 928 ministrum
1694 873 1728 928 et
1755 885 1814 930 suo
1842 868 1958 947 spiritu
1980 889 2016 933 re
2060 878 2082 935 t.

1108 946 1233 1011 Datum
1262 969 1304 1013 ex
1332 947 1467 1033 Synodo
1490 948 1720 1016 Pincnoviensi
1743 956 1772 1016 2.
1795 952 1876 1016 Maii
1905 974 1991 1018 anno
2047 975 2083 1020 o·

1108 1031 1192 1097 mini
1219 1036 1309 1098 1556.

1313 1206 1381 1271 Nos
1404 1206 1549 1271 ministri
1566 1207 1768 1272 renascentis
1788 1208 1940 1273 ecclesiae
1958 1208 2081 1275 Christi

1355 1293 1389 1356 in
1401 1291 1539 1356 Polonia
1550 1301 1661 1357 nostro
1679 1305 1713 1357 ot
1724 1302 1928 1359 caeterorum
1944 1295 2081 1361 fratrum

1355 1389 1542 1443 nostrorum
1565 1377 1749 1443 absentium
1773 1381 1954 1462 nomine,⁸)

1312 1548 1428 1612 Foelix
1458 1547 1618 1632 Cruriger
1645 1548 1900 1627 Scevrissinius,
1934 1551 2085 1618 minister

1355 1635 1509 1700 ecclesiae
1532 1633 1658 1700 Christi
1681 1637 1715 1699 in
1738 1635 1890 1700 Screnim
1914 1647 1947 1699 et
1969 1659 2084 1721 super-

1355 1719 1528 1785 intendens
1551 1722 1768 1785 ecclesiarum.

1312 1804 1495 1889 Gregorius
1513 1806 1647 1881 Paulus,
1667 1806 1818 1871 minister
1835 1806 1989 1873 ecclesiae
2003 1808 2079 1874 Pel·

1354 1892 1497 1957 vicensis
1518 1900 1552 1956 et
1573 1895 1682 1956 senior
1703 1892 1904 1963 ecclesiae.⁴)

1311 1977 1496 2043 Stanislaus
1504 1977 1754 2055 Luithomirski,
1766 1978 1915 2042 minister
1926 1979 2081 2047 ecclesiae

1354 2063 1551 2128 Coninensis
1573 2063 1767 2128 secretarius
1788 2062 1822 2128 S.
1834 2064 1903 2128 Κέω
1921 2065 1995 2129 ΜΨ.

1311 2147 1497 2214 Stanislaus
1517 2147 1680 2226 Sarnichi,
1703 2148 1854 2213 minister
1872 2149 1916 2213 Μ.
1937 2148 1978 2215 D.
1999 2150 2079 2216 Cas·

1354 2235 1466 2299 telluni
1489 2234 1586 2299 Biere
1608 2243 1641 2298 et
1663 2236 1771 2299 senior
1793 2234 1995 2315 ecclesiae.⁶)

1309 2318 1448 2387 Iacobus
1478 2318 1613 2393 Silvius,
1644 2321 1794 2386 minister
1822 2319 2080 2387 Kcrekinzensis

1354 2407 1564 2478 atrociori)

1311 2490 1472 2556 Martinus
1511 2491 1697 2568 Turrinus,
1737 2492 1887 2556 minister
1925 2492 2080 2559 ecclesiae

1355 2576 1585 2642 Soleoinensis.

1311 2663 1477 2727 Martinus
1510 2661 1696 2738 Crovioius,
1737 2662 1887 2726 minister
1925 2662 2079 2728 ecclesiae

1355 2748 1595 2813 Wlodistensis.

1311 2970 1380 3034 Nos
1409 2971 1570 3052 equestris
1597 2970 1722 3036 ordinis
1750 2970 1807 3052 qui
1834 2990 1951 3053 puram
1980 2991 2079 3036 evan·

1354 3055 1431 3138 gelii
1448 3054 1630 3122 doctrinam
1648 3057 1850 3139 suscepimus
1868 3063 1980 3121 nostro
2001 3056 2079 3123 alio-

1354 3161 1491 3223 rumque
1513 3142 1652 3206 i'ratrum
1674 3149 1861 3206 nostrorum
1883 3141 2024 3221 nomine,

1311 3310 2079 3411 Io.BonardeBelicneCastcllanusBiecrensis

1311 3417 1694 3582 nihiihp‘ilhhtrr
1726 3483 1761 3547 in
1794 3483 1946 3548 mncmw
1978 3504 2113 3570 manu,

1312 3589 1498 3720 stillilhils
1520 3653 1697 3719 Lassocnki
1716 3703 2026 3719 ............

1312 3739 1500 3806 Stanislaus
1518 3737 1705 3805 Sastranicz
1724 3736 1764 3802 de
1782 3738 1949 3804 Pieshona
1966 3738 2078 3805 Skala.

1311 3825 1538 3910 Hieronymus
1560 3823 1785 3908 Philipovozki
1808 3846 1909 3890 manu
1939 3826 2078 3907 propria.

1311 3909 1500 3977 Stanislaus
1521 3910 1728 3995 Karnynzky
1750 3910 1843 3975 Ivan.

1311 3997 1447 4063 Iacobus
1469 3996 1664 4063 Gnoicnshi.

1210 4287 1240 4354 ³)
1263 4285 1343 4356 Quod
1359 4287 1398 4340 od
1414 4286 1637 4355 orthographicas
1653 4287 1794 4339 nominum
1815 4284 2002 4352 polonicorum
2019 4285 2082 4339 atii·

82 4364 202 4408 remus.
239 4344 299 4419 Tu,
321 4345 349 4408 si
372 4343 508 4428 dignum
530 4351 763 4427 argumentum
781 4342 961 4409 vocationis
980 4350 1057 4406 tuae
1108 4363 1162 4425 ner,
1179 4357 1332 4410 memineris
1349 4371 1400 4410 nor
1417 4356 1555 4409 nihileisi
1571 4371 1625 4423 opo
1659 4354 1751 4421 ophcn
1768 4361 1833 4406 ante
1848 4352 2081 4408 ocahchohnisse.

83 4451 104 4494 a
133 4428 229 4495 nobis
256 4430 313 4510 sit,
348 4429 508 4511 dispicies,
541 4438 574 4494 ct
600 4428 686 4511 quod
720 4428 883 4495 ridebitur
910 4449 969 4511 pro
998 4435 1058 4491 tua

83 4514 258 4598 prudentia
281 4526 315 4580 et
335 4515 457 4599 pietate
483 4513 651 4580 iudicabis.
696 4513 792 4595 Quod
814 4515 974 4597 reliquum
998 4521 1056 4591 est,
1106 4499 1202 4628 &3⁶3⁰

86 4770 219 4903 mii
310 4841 379 4894 mam
396 4838 435 4892 In'
472 4853 601 4893 commum
656 4839 778 4906 iaccpnm
801 4837 987 4900 Veronensum,

289 4770 383 4825 erdiio.

1209 4424 1239 4493 4)
1262 4424 1293 4479 V.
1317 4423 1354 4478 D.
1380 4423 1421 4480 Μ.
1446 4425 1477 4478 in
1507 4423 1587 4478 Wolo
1638 4424 1766 4476 raeccine
1798 4421 1927 4475 suburbio
1953 4427 1978 4475 et
2004 4421 2080 4489 alibi,

1224 4495 1255 4548 in
1279 4494 1343 4562 ipre
1364 4491 1443 4548 Urbe.
1480 4490 1596 4556 (Sundii
1617 4488 1853 4546 encaeniare.
1873 4488 2078 4558 suuntur.
2122 4505 2125 4512 ·

1212 4629 1243 4699 5)
1259 4631 1396 4685 Ecclesiae
1405 4629 1601 4683 Niedrcdonsis
1610 4633 1713 4699 pastor,
1731 4627 1774 4680 vir
1785 4627 2081 4697 nobilitatepraestsns

1109 4709 1137 4756 et
1160 4707 1191 4755 ut
1212 4700 1268 4754 acri
1290 4699 1398 4767 ingenio
1421 4699 1461 4751 ita
1483 4704 1511 4751 ot
1533 4699 1605 4750 clato
1622 4698 1712 4751 animo
1730 4695 1777 4764 qui
1799 4696 1853 4748 iam
1871 4703 1935 4749 tunc
1953 4695 2034 4762 (1555
2051 4698 2080 4751 iu

1160 4769 1213 4822 odo
1229 4768 1428 4830 Pincaovicnsi)
1448 4766 1482 4819 ad
1499 4768 1646 4836 primatum
1684 4781 1714 4817 er
1737 4765 1842 4817 ruinam
1860 4765 2019 4820 concordius
2037 4783 2080 4820 oc·

1047 4837 1061 4890 i
1109 4786 1261 4903 blellsiarum,
1283 4853 1354 4905 qnae
1375 4837 1456 4905 paulo
1473 4842 1535 4904 post
1552 4833 1648 4898 (1565)
1664 4782 1716 4886 hoc
1736 4834 1878 4886 incentore
1901 4834 2012 4888 inducta
2029 4843 2080 4901 est,

85 4910 156 4964 inter
173 4909 339 4978 coryphaeos
357 4923 407 4962 con
442 4907 604 4962 iillridenti
633 4914 719 4972 uerat
738 4905 847 4959 Paulus
860 4906 912 4959 IV.
930 4906 961 4959 in
978 4904 1058 4958 Poo-
1108 4908 1295 4976 gmssabatur.
1325 4905 1458 4972 (Lnehien.
1481 4902 1536 4965 58.)
1571 4901 1640 4957 Fuit
1664 4901 1843 4956 adversarias
1868 4902 2029 4958 Lismonini
2055 4910 2082 4959 et

86 4978 161 5031 niam
179 4979 255 5031 misit
270 4984 301 5031 at
318 4993 477 5047 pisonemque
493 4977 572 5031 modo
589 4983 680 5045 posset
697 4976 916 5041 reformationem
934 4974 1059 5029 ecclesiae
1108 4976 1388 5041 cntitrinitcriorum,
1409 4989 1479 5040 spec.
1498 4972 1627 5041 Gregorii
1645 4971 1730 5024 Ponti
1750 4977 1775 5026 et
1797 4970 1955 5039 capellanus
1972 4971 2083 5027 Boncri

87 5047 224 5101 inhiberet
256 5046 288 5100 In
305 5048 445 5115 speciatim
462 5048 555 5100 iussas
571 5043 778 5112 sueratcliepe
795 5043 949 5110 efflagitare
965 5059 998 5096 co
1024 5043 1059 5096 'to
1108 5045 1251 5099 castellani
1267 5043 1408 5098 Bieeensia
1424 5043 1477 5107 (sic
1492 5043 1547 5161 ιιῖο
1562 5056 1614 5108 pro
1632 5039 1736 5100 Biere).

87 5122 143 5170 octo
165 5116 209 5169 cei
228 5115 315 5169 decem
336 5123 505 5182 magnatum
529 5129 570 5169 ec.
591 5131 633 5183 pr.
654 5113 765 5168 Bonori
785 5112 930 5167 senatoris.
966 5115 978 5176 (
1003 5111 1060 5180 clip

87 5184 123 5239 Il.
149 5182 201 5236 602
228 5199 301 5254 sq.,·
331 5183 504 5254 Krosinshy.
534 5183 630 5239 Geech.
658 5182 707 5238 der
734 5181 797 5248 Res.
823 5182 855 5235 in
883 5179 967 5235 Pcien
996 5178 1060 5246 110,-

90 5253 202 5308 Lubien.
223 5201 270 5319 ig,
290 5252 358 5320 Seri,
384 5253 459 5323 Verp.
478 5250 552 5319 393.)

191 5337 302 5394 Celerini
316 5353 407 5408 opera.
449 5338 504 5394 Vct.
524 5337 553 5391 X
558 5337 607 5393 Vl.

1211 5112 1241 5180 6)
1261 5113 1348 5181 Lege:
1370 5110 1514 5164 Kcaecains
1534 5110 1623 5175 iensis,
1639 5123 1710 5178 qaae
1727 5113 1767 5163 est
1782 5106 1914 5173 parochio
1930 5107 1960 5160 in
1978 5109 2081 5162 minori

1111 5182 1234 5238 Paionia.
1260 5182 1318 5235 Hic
1334 5195 1394 5235 cnm
1409 5177 1631 5247 praecedentibus
1647 5192 1714 5232 unos
1728 5183 1822 5245 portes
1838 5177 1892 5244 epit
1908 5178 1939 5229 in
1955 5176 2000 5230 cei.
2016 5192 2080 5231 con·

1061 5326 1065 5339 ¹
1108 5265 1190 5307 amu
1208 5250 1424 5306 dendomiriemti
1438 5246 1584 5305 condendo.

1855 5328 1871 5380 9
