4754 5880
291 330 331 391 er
1043 322 1301 391 urlsuonsn
1323 325 1533 388 ator-asoa
2076 297 2081 308 ”
2241 322 2278 385 ea

375 512 411 580 S.
434 514 473 579 P.
497 513 565 579 Nos
583 514 637 579 hio
659 513 828 592 hactenus,
850 514 903 578 vir
923 510 1111 591 clarissime,
1133 511 1260 577 labora·
1312 509 1440 591 rabidos
1451 529 1580 574 morsus
1602 517 1694 574 tuum
1712 532 1801 575 nuno
1822 505 2280 591 exspectamuoantidotum.⁷)

291 600 402 666 vimus
433 598 589 664 vertendo
618 619 740 663 novum
779 604 1009 663 testamentum
1044 596 1168 670 Christi
1197 595 1263 662 Do·
1313 596 1460 663 Ecclesia
1482 594 1605 661 Christi
1624 605 1751 677 poterat
1771 595 1902 678 quidem
1924 614 2036 660 carere
2057 593 2217 658 eiusmodi
2234 595 2281 658 in·

290 686 371 750 mini
400 685 434 748 in
463 682 620 750 eiusmodi
647 685 793 768 linguam
823 704 905 766 quae
926 685 986 748 toti
1007 682 1153 748 inferiori
1176 682 1260 748 Ger·
1313 683 1418 765 geniis
1428 701 1510 764 quae
1523 679 1771 746 adturbandam
1784 689 1911 745 tantum
1929 680 2020 744 illam
2032 687 2108 744 nata
2119 677 2279 744 videntur.

290 771 420 836 maniae
453 771 526 835 usui
554 790 625 834 esse
657 771 768 851 possit,
801 767 897 850 idque
925 768 965 833 ad
992 768 1158 851 exemplar
1179 768 1261 832 illud
1312 769 1436 833 Verum
1460 767 1537 832 dum
1560 766 1631 830 Deo
1654 769 1701 831 ita
1719 768 1826 831 visum
1848 777 1900 830 est
1921 763 1962 829 ad
1978 765 2176 830 exercendos
2197 786 2279 843 suos,

290 855 587 936 {conseparata
614 860 692 918 1550
715 856 868 919 Lutetiae
890 875 1011 938 magna
1031 855 1135 919 forma
1163 873 1260 918 excu-
1312 855 1364 936 pie
1393 874 1470 918 sane
1502 853 1580 916 facis
1602 853 1657 933 qui
1679 862 1712 916 te
1733 853 1829 917 Davo
1846 851 1895 915 illi
1914 859 1970 915 aut
1990 853 2099 933 potius
2119 851 2281 915 Thrasoni

292 963 375 1006 sum.
419 941 599 1022 Postquam
621 962 708 1017 vero,
728 961 827 1022 opera
846 938 998 1005 Godfridi
1029 940 1149 1023 Wiapii
1163 940 1187 1023 ¹)
1206 939 1262 1022 qni
1313 940 1509 1004 Terentiano
1540 938 1667 1002 fortiter
1693 940 1728 1002 in
1756 937 1915 1002 modestia
1935 936 2115 1002 christiana
2136 938 2281 1019 opponis.

290 1026 374 1090 mihi
396 1026 542 1092 convivit
563 1025 708 1099 adiutus.
732 1038 876 1090 nostram
899 1027 1082 1090 versionem
1105 1023 1261 1090 absolvis·
1312 1024 1399 1089 Illud
1431 1025 1563 1088 interim
1590 1034 1623 1088 te
1653 1044 1731 1106 rogo
1760 1033 1855 1106 teque
1882 1031 1999 1106 rogant
2020 1021 2139 1086 iratres
2160 1023 2281 1104 passim

290 1133 369 1189 sem,
402 1112 597 1176 contulimus
622 1133 694 1175 eam
724 1133 797 1176 oum
824 1113 870 1177 M.
902 1109 1094 1193 Macronio²l
1123 1131 1159 1175 ac
1181 1111 1261 1174 item
1313 1132 1426 1176 omnes
1453 1119 1500 1187 nt,
1532 1118 1691 1191 quatenus
1718 1111 1850 1174 omnino
1868 1109 1981 1191 possis,
2008 1108 2044 1171 in
2066 1107 2133 1172 tuis
2155 1107 2282 1190 scriptis

289 1198 327 1262 P.
351 1195 524 1278 Daemon
547 1197 706 1262 ministris
726 1198 879 1263 eeclesiae
901 1206 1032 1261 nostrae
1055 1196 1261 1280 germanicae
1314 1198 1478 1261 abstineas
1507 1194 1547 1258 ab
1576 1193 1814 1260 obscurioribus
1845 1192 1998 1276 loquendi
2024 1192 2175 1258 formulis
2204 1193 2280 1257 dum

288 1281 509 1347 Londinensis
538 1288 626 1346 nnnc
655 1281 838 1364 dissipatae,
861 1283 901 1346 ad
930 1281 1012 1346 illud
1032 1282 1139 1362 ipsum
1170 1291 1262 1346 auto·
1313 1282 1384 1365 agis
1407 1281 1447 1345 de
1468 1302 1504 1345 re
1527 1281 1791 1357 sacramentaria,
1810 1280 1874 1344 nisi
1891 1300 1967 1343 mox
1989 1279 2103 1343 saltem
2121 1280 2280 1362 interpre-

349 1367 463 1449 phum,
488 1367 642 1432 adhibitis
671 1368 801 1432 interim
825 1367 898 1432 aliis
919 1366 1045 1451 vaceis
1067 1368 1262 1450 exemplari·
1312 1369 1468 1432 tationem
1500 1364 1681 1431 subnectas.
1735 1367 1822 1431 Nam
1860 1367 1988 1429 tametsi
2028 1374 2061 1428 te
2098 1364 2172 1428 aliis
2207 1365 2282 1429 locis

289 1388 354 1517 hili
376 1453 540 1535 variisque
561 1453 673 1517 latinis
695 1475 732 1518 ac
750 1454 916 1518 nonnullis
938 1454 1131 1537 germanicis
1153 1453 1262 1517 helve-
1314 1453 1395 1518 satis
1417 1453 1651 1535 interpreteris,
1682 1453 1727 1517 sic
1750 1470 1787 1515 ut
1810 1451 1973 1516 sententia
1995 1460 2051 1514 tua
2069 1449 2209 1514 dilucide
2227 1450 2283 1514 ha-

290 1539 363 1603 tieis
385 1539 550 1603 saxonicis
567 1539 763 1604 brabantiois
780 1537 905 1622 gallicis
927 1538 1127 1623 anglicisque
1139 1537 1262 1603 versio·
1314 1539 1384 1603 beri
1401 1540 1514 1621 possit,
1533 1545 1645 1602 tamen
1665 1537 1760 1601 multi
1778 1535 2034 1612 semilutherani,
2053 1536 2130 1617 quia
2150 1546 2207 1601 tua
2226 1558 2281 1601 au·

293 1623 396 1689 nibus.
441 1623 509 1687 Nos
540 1625 642 1698 enim,
671 1625 747 1705 quia
780 1626 1006 1706 ignoratorum
1035 1634 1184 1688 autorum
1214 1624 1262 1687 la·
1314 1626 1444 1689 toritate
1473 1621 1578 1686 adhuc
1607 1625 1760 1687 nituntur
1793 1623 1914 1705 tibique
1947 1622 2088 1686 multum
2122 1620 2281 1698 deferunt,

291 1710 387 1775 bores
410 1707 543 1774 obnoxii
566 1711 632 1774 fere
650 1722 727 1774 sunt
748 1710 995 1791 suspicionibus,
1018 1708 1167 1773 volumus
1189 1728 1260 1773 eam
1314 1711 1452 1774 trahunt
1473 1730 1512 1773 ea
1533 1729 1615 1788 qnae
1625 1708 1792 1773 obscurius
1815 1731 1833 1771 a
1856 1720 1887 1772 te
1898 1707 2091 1790 quibusdam
2114 1707 2283 1772 looissunt

237 1794 240 1804 '
293 1793 449 1877 evulgare
477 1795 538 1859 sub
560 1796 692 1858 nomine
714 1795 800 1859 illius
819 1794 980 1872 ecelesiae,
999 1815 1037 1859 aa
1054 1796 1152 1858 etiam
1175 1796 1216 1858 D.
1240 1815 1262 1857 a
1313 1797 1435 1877 scripta
1457 1794 1498 1858 ad
1520 1794 1777 1858 confirmandam
1796 1815 1890 1858 suam
1909 1792 1948 1856 de
1970 1792 2109 1875 quadam
2130 1813 2282 1874 praesen-

288 1879 398 1954 Lasco,
428 1882 483 1961 qui
513 1901 588 1944 suas
621 1882 685 1943 iam
716 1901 803 1944 nuno
825 1882 859 1943 in
882 1901 1006 1943 novum
1028 1889 1260 1944 testamentum
1315 1883 1360 1946 tia
1384 1881 1527 1962 corporis
1550 1879 1674 1943 Christi
1692 1880 1725 1943 in
1749 1900 1849 1944 coena
1866 1879 2001 1943 Domini
2019 1879 2214 1960 opinionem,
2232 1899 2283 1942 ea·

289 1965 330 2029 ad
354 1986 405 2028 me
423 1966 514 2030 misit
535 1966 826 2039 observationes.⁴)
868 1968 977 2047 Atque
999 1966 1045 2029 ita
1067 1967 1188 2030 factum
1211 1975 1262 2029 est
1313 1989 1374 2049 que
1406 1967 1526 2030 relictis
1555 1966 1745 2031 clarioribus
1773 1966 1852 2029 locis
1880 1963 2143 2045 imperitioribus,
2167 1965 2283 2045 quibus

288 2060 328 2113 ut
356 2051 468 2113 amicis
498 2052 587 2124 meis,
618 2071 659 2114 ne
698 2049 932 2115 colendissimis
960 2050 1099 2131 quidem,
1133 2050 1262 2115 licuerit
1312 2066 1369 2115 tua
1391 2053 1501 2116 omnia
1523 2050 1633 2133 legere
1655 2073 1722 2115 non
1736 2050 1839 2126 datur,
1851 2048 2036 2125 obtrudunt,
2061 2058 2096 2113 ut
2118 2070 2172 2115 eos
2185 2052 2283 2114 onum

288 2136 416 2199 interea
435 2156 567 2217 operam
578 2136 748 2200 scribendo
761 2134 847 2200 dare.
877 2136 988 2216 Quare
1005 2137 1147 2200 teetiam
1162 2145 1260 2217 atque
1313 2150 1370 2202 tua
1393 2137 1568 2202 autoritate
1595 2136 1717 2210 tallant,
1748 2137 1846 2217 inque
1869 2158 1963 2200 suam
1984 2136 2128 2217 ipsorum
2151 2144 2282 2200 senten·

289 2221 388 2285 etiam
408 2242 485 2303 rogo
507 2236 544 2285 ut
565 2242 631 2285 non
654 2243 750 2304 aegre
772 2222 857 2285 feras
868 2242 979 2285 meum
996 2222 1057 2286 hoc
1069 2221 1260 2285 diuturnum
1312 2225 1392 2287 tiam
1415 2233 1487 2305 post
1510 2243 1544 2284 se
1565 2219 1735 2285 abducant.
1780 2222 1952 2304 Utcunque
1970 2233 2027 2296 est,
2051 2221 2201 2303 plurimis
2224 2221 2284 2284 hac

289 2305 467 2384 silentium,
483 2328 566 2371 neve
577 2308 745 2371 existimes
756 2328 808 2371 me
826 2309 874 2370 tui
892 2308 1018 2371 interea
1035 2308 1260 2371 immemorem
1312 2311 1437 2373 ratione
1455 2308 1648 2389 imponitur:
1667 2308 1759 2373 cuius
1771 2326 1830 2389 ego
1842 2327 1900 2388 pro
1912 2327 1984 2370 meo
1997 2305 2135 2370 candore
2147 2327 2283 2388 meoque

288 2392 397 2467 fuisse,
420 2392 511 2456 cuius
533 2393 622 2455 etin
645 2390 792 2474 precibus
815 2394 896 2456 meis
918 2404 950 2456 et
972 2393 1005 2455 in
1029 2395 1164 2474 privatis
1186 2414 1260 2474 pas·
1312 2396 1345 2457 in
1369 2406 1400 2457 te
1413 2395 1521 2457 animo
1545 2404 1576 2455 te
1598 2414 1686 2458 nunc
1698 2396 1856 2456 monitum
1869 2391 1966 2467 volui,
1979 2412 2098 2474 rogans
2121 2405 2158 2455 ut
2175 2413 2283 2456 meam

289 2477 352 2541 sim
375 2477 543 2559 colloquiis
563 2499 600 2543 ao
628 2478 851 2556 conventibus,
879 2479 1006 2559 quoties
1027 2480 1110 2541 ratio
1133 2479 1260 2560 Deique
1312 2481 1397 2545 hanc
1420 2478 1673 2542 admonitionem
1686 2478 1921 2560 aequanimiter
1943 2480 2037 2550 lbras,
2060 2479 2156 2542 sicuti
2180 2478 2282 2542 factu-

290 2561 396 2645 gloria
417 2563 464 2625 ita
487 2563 636 2643 postulat,
658 2563 831 2626 immemor
852 2584 923 2627 esse
942 2585 1007 2627 non
1025 2585 1165 2645 possum.
1313 2588 1386 2630 rum
1410 2575 1452 2640 te,
1474 2584 1557 2645 quae
1580 2580 1637 2626 tua
1659 2574 1709 2628 est
1730 2565 1841 2647 pietas,
1862 2563 1942 2626 nihil
1966 2562 2128 2626 addubito.

377 2646 517 2729 Scripsit
537 2670 625 2712 nuno
646 2650 740 2713 nobis
762 2647 804 2712 D.
828 2671 848 2711 a
867 2649 966 2713 Lasso
987 2658 1020 2712 te
1043 2670 1107 2712 non
1129 2651 1175 2712 ita
1193 2650 1259 2731 pri·
1400 2651 1503 2714 Porro
1526 2648 1758 2713 audiveramus
1792 2649 1846 2713 hic
1872 2649 1997 2729 pridem
2023 2657 2055 2712 te
2083 2650 2150 2712 tuis
2179 2647 2283 2711 literis

290 2731 364 2796 dem
397 2734 557 2814 accepisse
590 2734 702 2798 literas
735 2735 838 2798 multo
872 2734 1084 2799 amicissimas
1117 2755 1259 2816 vereque
1313 2736 1374 2800 hoc
1403 2737 1511 2799 animo
1539 2735 1661 2799 arsisse
1693 2735 1779 2798 Phil.
1805 2733 2088 2811 Melamrloaemsst
2111 2734 2199 2797 utin
2223 2733 2285 2798 hoo

292 2816 468 2883 benevolas
497 2841 517 2883 a
546 2817 748 2901 Sipismando
771 2839 849 2902 rege
877 2820 1082 2896 Poloniae,⁵)
1112 2840 1176 2903 quo
1198 2842 1257 2884 no·
1314 2819 1561 2886 recrudescente
1583 2821 1760 2884 certamine
1783 2821 2035 2885 sacramentario
2058 2840 2151 2883 suam
2173 2829 2285 2900 aperte

291 2903 380 2966 mine
409 2904 582 2967 admodum
611 2926 724 2968 sumus
753 2904 937 2981 exhilarati,
956 2905 1182 2970 existimantes
1204 2926 1260 2969 ve·
1314 2909 1521 2988 profiteretur
1550 2906 1754 2981 sententiam,
1784 2928 1826 2969 ne
1852 2904 2019 2969 ecclesiam
2042 2904 2173 2981 diutius,
2197 2903 2284 2985 quod

291 2988 479 3053 resimiliter
509 3010 584 3053 eum
605 2992 785 3072 bonamque
808 2991 964 3054 Poloniae
997 2999 1122 3072 partem
1145 3013 1164 3054 a
1187 2991 1262 3055 doc·
1314 2994 1512 3057 sententiam
1538 2991 1606 3055 eius
1634 2992 1762 3068 attinet,
1793 2991 2014 3072 suspenderet.
2057 2989 2130 3070 Quo
2153 2992 2285 3054 nomine

294 3073 382 3136 trina
404 3088 461 3137 tua
483 3095 551 3138 non
573 3076 756 3152 abhorrere,
779 3075 812 3138 id
835 3076 920 3156 qnod
943 3076 1035 3140 nobis
1056 3075 1109 3141 hie
1132 3077 1262 3140 aliunde
1315 3078 1411 3141 valde
1444 3077 1716 3153 exhilarabamur,
1756 3089 1922 3157 sperantes
1955 3077 2022 3139 lore
2057 3088 2092 3138 ut
2123 3076 2193 3157 ipse
2227 3098 2285 3157 pro

293 3160 393 3221 etiam
416 3181 481 3224 non
513 3161 612 3224 semel
636 3172 686 3224 est
707 3162 931 3243 significatum.
972 3162 1073 3225 Faxit
1100 3162 1263 3227 Dominus
1315 3176 1425 3227 nostra
1454 3162 1625 3235 sententia,
1656 3183 1675 3225 a
1705 3183 1768 3242 qua
1796 3163 1908 3225 multis
1938 3162 2021 3224 clam
2045 3165 2133 3224 visus
2151 3172 2201 3225 est
2219 3183 2285 3225 non

293 3243 385 3307 Deus
415 3257 452 3308 ut
480 3246 744 3310 florentissimum
773 3245 854 3310 illud
877 3267 1015 3329 regnum
1038 3270 1057 3310 a
1079 3269 1179 3330 regno
1202 3248 1262 3311 Sa·
1316 3271 1385 3313 esse
1415 3248 1548 3324 alienus,
1572 3258 1681 3328 aperte
1704 3247 1886 3329 disertoque
1913 3255 2075 3311 staturum
2099 3268 2178 3311 esec.
2229 3246 2286 3310 In-

294 3340 391 3392 tanae
430 3331 649 3413 papisticaque
688 3331 855 3412 impietate
888 3332 1043 3395 liberetur
1075 3335 1263 3416 sinceraque
1316 3346 1405 3397 terea
1429 3353 1505 3396 vero
1528 3333 1635 3413 prodit
1647 3331 1804 3414 quaedam
1829 3333 1964 3415 epistola
1986 3333 2045 3397 sub
2068 3333 2198 3395 nomine
2217 3331 2286 3397 Me·

296 3414 452 3497 religione
482 3417 657 3492 imbuatur,
686 3438 727 3480 ne
756 3417 822 3480 ullo
850 3417 944 3481 modo
971 3416 1114 3484 fanatica
1131 3420 1188 3483 illa
1210 3420 1263 3482 lue
1317 3419 1497 3491 luactltorn's,
1510 3421 1535 3495 ⁹)
1566 3419 1600 3481 in
1629 3417 1712 3482 male
1735 3419 1848 3481 feriata
1877 3418 1934 3482 illa
1961 3439 2084 3499 nupera
2102 3419 2285 3500 Farragine

293 3499 751 3577 Lutheranoruminficiatur,
776 3504 917 3583 quinon
938 3504 1048 3566 minus
1070 3506 1187 3569 infensi
1210 3505 1263 3567 in·
1314 3504 1581 3568 [lutheranorum
1615 3503 1681 3579 tibi,
1713 3514 1748 3566 ut
1776 3506 1900 3585 opinor,
1924 3504 2009 3568 visa:
2028 3505 2061 3566 in
2084 3525 2148 3584 qua
2170 3504 2284 3568 scribit

296 3585 433 3665 festique
466 3596 543 3649 sunt
571 3586 662 3651 nobis
691 3598 788 3668 atque
814 3588 950 3669 papistis
981 3600 1014 3652 et
1039 3591 1264 3671 Anabaptistis
1315 3600 1409 3653 autor
1431 3591 1501 3653 eius
1529 3589 1702 3671 epistolae,
1736 3600 1864 3671 praeter
1891 3590 1954 3653 alia
1975 3589 2144 3654 mendacia
2165 3599 2198 3652 et
2220 3610 2286 3653 non

295 3671 384 3750 ipsis,
406 3691 448 3733 ne
470 3670 575 3735 dicam
594 3674 706 3754 magis.
741 3673 927 3738 Ioaohimus
957 3672 1154 3754 Westptalus
1174 3675 1264 3739 evul-
1315 3674 1463 3739 terendas
1492 3676 1687 3751 calumnias,
1720 3675 1845 3739 nullam
1879 3696 1949 3739 esse
1979 3676 2177 3739 mentionem
2210 3673 2287 3739 fidei

295 3755 389 3837 gavit
419 3776 524 3837 nuper
555 3757 700 3822 libellum
714 3761 740 3832 ⁰)
773 3759 934 3840 quendam
962 3759 1136 3824 adversum
1163 3772 1203 3836 ta,
1230 3762 1264 3823 in
1314 3760 1554 3826 iustificationis
1571 3763 1607 3824 in
1624 3761 2064 3844 omnibustvinglianorum
2082 3759 2181 3824 libris.
2211 3759 2286 3840 Quo

296 3859 359 3920 quo
377 3839 512 3922 pulchre
523 3843 713 3926 theologum
735 3845 804 3927 agit
825 3845 955 3910 scilicet.
990 3844 1158 3911 Adversus
1169 3847 1263 3910 cuius
1315 3847 1447 3911 nomine
1475 3847 1558 3910 serio
1581 3845 1807 3930 provocandus
1829 3858 1915 3911 esset
1936 3868 2025 3911 nunc
2046 3845 2225 3928 Philippeos,
2248 3855 2286 3911 ut

297 4128 429 4193 24071)
448 4131 595 4184 Laudatur
612 4137 642 4184 ct
665 4133 844 4187 collaborator
862 4130 999 4187 Gaidanr's
1018 4133 1049 4186 de
1068 4134 1138 4188 Bris
1156 4140 1182 4186 et
1199 4134 1265 4187 alio·
1418 4133 1445 4199 7)
1467 4135 1526 4187 lam
1543 4133 1643 4185 editam
1662 4141 1720 4188 erat
1739 4151 1770 4186 m.
1792 4135 1934 4189 Ianuario.

295 4215 356 4251 rum
384 4201 412 4251 ia
444 4200 586 4253 condenda
616 4201 782 4266 confessione
806 4203 906 4269 belpieo
933 4218 958 4255 a.
987 4201 1062 4254 1561.
1108 4203 1266 4270 (Niemeper
1417 4201 1447 4268 8)
1465 4203 1504 4256 N.
1522 4200 1598 4254 aula

295 4267 394 4320 collem.
419 4269 489 4333 coms.
513 4268 602 4348 praef.
626 4286 654 4336 p.
677 4269 732 4335 53.)
768 4270 873 4323 Paetus
896 4286 915 4323 a
944 4271 1058 4338 Winpea
1080 4287 1102 4324 s.
1128 4269 1264 4337 Wiaeltea,
1418 4272 1448 4337 9)
1468 4271 1531 4324 Seil.
1554 4273 1585 4324 ιἰι
1608 4270 1737 4324 Timaanr'
1756 4272 1900 4341 sarrapiae
1921 4290 1948 4338 p.
1968 4271 2018 4324 171
2041 4272 2138 4339 lepitar
2162 4272 2287 4394 Pltrliffi'

295 4335 414 4399 fortasse
435 4337 524 4402 frater
549 4352 613 4403 eras,
637 4338 767 4391 laudatur
785 4340 820 4393 ab
842 4337 990 4392 Utealtoor'o
1014 4341 1045 4392 ιἰι
1063 4340 1125 4392 bist.
1148 4343 1265 4407 perepri·
1316 4356 1356 4407 ep.
1379 4339 1416 4392 cd
1442 4339 1527 4392 Mart.
1555 4339 1720 4393 Corolicr'am
1741 4347 1878 4407 pastorem
1902 4339 2128 4394 Brunscr'eenrem
2151 4342 2189 4407 (a.
2218 4341 2231 4392 1

297 4405 421 4456 nationis
438 4406 566 4470 errulum,
590 4412 614 4459 el
634 4407 689 4472 fuit
707 4422 797 4460 eorum
816 4407 948 4461 diaconas
965 4424 1047 4475 qaum
1065 4407 1200 4461 Labeearn
1217 4424 1266 4476 ap·
1317 4409 1454 4476 scriptam,
1481 4408 1554 4477 quod
1577 4413 1645 4461 tacet
1668 4409 1723 4474 ille)
1745 4411 1774 4461 in
1799 4426 1853 4478 qua
1877 4410 1999 4463 diceret:
2026 4409 2107 4462 Nulla
2125 4416 2167 4461 est
2183 4412 2286 4464 mentio

295 4471 432 4538 pellerent.
469 4473 593 4527 Bertram
618 4476 647 4527 ιἰι
670 4476 731 4529 bist.
751 4474 791 4527 10.
811 4491 829 4528 a
846 4475 938 4529 Lateo
960 4475 1073 4528 eandem
1095 4476 1162 4529 dicit
1184 4477 1266 4530 baias
1317 4476 1380 4530 fidei
1397 4477 1566 4529 iustificantis
1584 4477 1612 4528 in
1630 4478 1991 4546 omnibnsZwinglianorum
2010 4479 2097 4530 libris.
2133 4479 2220 4543 Quum
2238 4497 2285 4533 no·

298 4542 443 4594 liberorum
460 4550 656 4609 praeceptorem
678 4544 765 4608 misse
781 4550 807 4596 et
823 4559 882 4596 amr
899 4558 930 4596 eo
947 4544 978 4596 ιἰι
997 4544 1140 4597 Potentem
1158 4546 1265 4598 abiisse.
1316 4547 1421 4598 minant
1441 4546 1522 4597 fidem
1544 4561 1598 4598 non
1624 4546 1780 4615 intelligunt
1805 4547 1878 4598 illam
1901 4563 1970 4614 quae
1992 4548 2080 4599 credit
2101 4549 2285 4602 remissionem

400 4608 430 4672 2)
456 4609 520 4662 Tum
542 4613 670 4677 temporie
692 4629 716 4664 c.
742 4611 768 4664 d.
791 4629 825 4665 m.
849 4612 925 4679 apud
949 4612 1147 4667 Nordertenses.
1192 4611 1267 4669 Obiit
1351 4625 1494 4678 ccatornm,
1514 4631 1582 4682 quae
1600 4615 1687 4667 credit
1705 4631 1754 4668 nos
1771 4616 1854 4683 recipi
1871 4616 2035 4683 ingratiam,
2052 4616 2174 4669 exaudiri
2192 4624 2221 4668 et
2238 4617 2285 4671 de·

295 4682 371 4745 prule
389 4675 462 4730 1559.
1328 4683 1389 4735 endi
1413 4701 1430 4734 a
1454 4683 1519 4744 Deo,
1546 4682 1593 4734 sed
1617 4684 1772 4751 intelligunt
1798 4683 1954 4736 historicum
1973 4723 2082 4736 .....
2101 4685 2125 4736 Ε
2186 4686 2285 4753 agnovi

402 4746 692 4808 statibilitatem
712 4747 871 4816 appellabar.
910 4747 1035 4801 Lomdmi
1056 4748 1093 4802 N.
1118 4749 1146 4802 Τ.
1169 4752 1267 4805 uersab-
1317 4750 1361 4819 [ιίι
1379 4751 1509 4820 adloquio
1527 4751 1736 4820 Marbarpemsr]
1756 4768 1835 4819 quam
1852 4752 1954 4804 nnllam
1970 4752 2089 4806 habeant
2145 4754 2286 4807 ristianam

300 4828 360 4867 mem
379 4813 496 4868 Erasme'
511 4821 712 4870 retractatores.
1318 4822 1480 4873 doctrinam:
1500 4825 1606 4872 tantum
1636 4821 1756 4874 ueriliter
1767 4819 1992 4888 philosophantur
2010 4861 2118 4875 .....
2138 4822 2197 4890 Ego
2214 4824 2286 4876 mori

403 4881 432 4950 4)
455 4881 598 4937 Utemboor'i
614 4890 639 4938 et
656 4887 789 4938 sociorum
807 4882 847 4937 N.
873 4883 903 4935 T.
927 4883 965 4936 ad
980 4884 1060 4948 fidem
1076 4886 1117 4939 ed.
1136 4885 1182 4941 Ste
1200 4888 1269 4941 barti
1317 4889 1409 4942 malim
1427 4905 1507 4956 quam
1525 4889 1576 4942 hoo
1689 4906 1735 4942 cre
1751 4888 1823 4956 qnod
1840 4890 1879 4941 illi
1899 4889 2049 4950 adfirmant,
2067 4890 2169 4943 Christi
2184 4907 2285 4960 eorpus

301 4965 327 5004 a.
345 4949 413 5003 1550
435 4966 541 5004 aarum
563 4952 668 5033 prodiit
683 4969 716 5005 m.
735 4952 807 5005 Neu.
825 4950 901 5006 1556.
926 4950 968 5004 12.
1016 4954 1057 5007 Le
1074 4905 1267 5023 Lon,iroe1a
1316 4973 1369 5010 non
1395 4974 1474 5026 posse
1500 4958 1551 5010 nisi
1578 4959 1606 5009 in
1632 4974 1686 5011 uno
1711 4959 1770 5011 loeo
1794 4973 1861 5012 esse.
1898 4959 2098 5012 Melamclttlton.
2124 4959 2286 5013 Timocratem

300 5019 365 5072 saal
390 5019 438 5071 dee
462 5020 570 5072 rederi.
594 5021 705 5085 prels.
729 5036 758 5087 p.
782 5019 840 5074 700.
876 5019 998 5090 Kcyper,
1022 5022 1113 5077 hsce
1131 4972 1157 5076 i.
1177 5026 1266 5092 praes.
1316 5032 1462 5102 repeterat
1488 5033 1519 5078 at
1544 5024 1729 5094 Farrapr'nem
1755 5042 1834 5080 suam
1859 5027 1935 5080 edere
1962 5029 2153 5094 marmari.
2188 5032 2199 5092 (
2278 5065 2286 5082 ,

302 5085 375 5152 118.)
622 5156 627 5167 Ι
789 5157 793 5168 Ι
1317 5092 1379 5158 Res.
1403 5095 1484 5148 VIII.
1508 5093 1583 5158 ast.)
1619 5095 1713 5163 Ipsam
1739 5096 1814 5148 idam
1841 5097 1980 5163 mitialem
2003 5112 2035 5148 ea
2062 5096 2139 5165 Oonf.
2161 5097 2227 5160 fidei

405 5154 422 5206 5
454 5154 498 5208 De
514 5156 565 5210 liae
651 5156 696 5236 ola
716 5153 846 5210 Caluenus
863 5157 901 5210 ad
920 5157 1019 5227 Repem
1036 5159 1074 5214 N.
1091 5158 1169 5214 2362.
1316 5165 1424 5218 mear.
1446 5178 1542 5217 samon.
1566 5165 1624 5217 ecel.
1647 5163 1723 5228 1557,
1744 5164 1856 5232 praebet
1877 5161 1983 5232 corpur
2002 5163 2064 5229 aer.
2082 5165 2116 5217 11.
2132 5163 2166 5218 24
2184 5166 2218 5219 de
2240 5165 2284 5220 tt·-

405 5222 435 5288 6)
454 5222 560 5278 laetam
607 5224 768 5290 esemmcnem
784 5226 846 5281 ado.
863 5234 1057 5283 sacramentor.
1314 5246 1416 5288 mamm
1431 5236 1532 5289 marr·
