4688 5910
103 324 161 384 ιιι
956 323 1035 385 00οι
1058 320 1263 390 0000000.
1328 320 1332 330 ’
1634 304 1644 316 ”
2040 322 2104 390 0ιο
2138 272 2139 275 ¹

104 515 278 586 noverunt,
311 530 371 576 eur
403 519 571 593 tantopere
602 531 622 573 a
654 510 747 576 nobis
783 511 969 594 requiratur
1001 509 1078 576 sub-
1130 510 1252 595 aliquot
1273 511 1431 577 haereant
1450 512 1699 578 controversiae.
1734 511 1867 578 Interea
1883 531 1944 577 nos
1965 532 2031 578 non
2049 533 2104 578 ar·

104 596 239 679 scriptio
261 604 295 660 et
315 616 373 660 cur
395 616 461 660 non
484 605 641 660 tueantur
663 603 761 680 atque
783 597 881 662 etiarn
903 597 1078 679 profitean·
1130 597 1292 662 bitramur
1313 598 1465 664 ecclesias
1487 597 1617 667 Galliac
1644 598 1792 681 puriores
1812 618 1852 664 ea
1873 597 1990 675 emnia,
2019 607 2104 662 tam·

103 690 158 746 tur
186 680 281 746 multi
310 682 519 747 sinceriorem
546 681 759 747 ecclesiarum
788 692 976 748 nostrarum
1004 681 1078 748 doc·
1129 685 1191 749 etsi
1225 694 1263 747 tu
1296 683 1420 766 excipis
1450 684 1666 749 eucharistiae
1698 683 1888 762 articulum,
1922 685 2101 768 agniturus,

103 767 236 845 trinam,
264 768 315 832 cui
338 767 457 850 alioqui
479 788 546 832 non
568 777 647 832 sunt
673 769 787 851 iniqui.
822 767 952 849 Quibus
974 769 1078 833 omni·
1129 790 1212 851 quae
1229 770 1287 835 isti
1307 770 1343 834 in
1365 789 1425 834 sua
1446 769 1503 833 illa
1519 768 1875 854 confessionehngust.
1893 771 2101 853 profitentur.

103 853 165 919 bus
186 852 268 917 illud
290 873 419 935 quoque
440 874 505 917 non
526 853 599 918 leve
621 853 754 929 accedit,
784 854 870 937 quod
897 853 1079 919 illustrissi·
1129 855 1232 920 Unius
1264 853 1394 938 quidem
1431 855 1562 939 generis
1600 856 1688 920 inter
1727 855 1792 920 alie
1831 875 1902 920 esse
1934 862 2100 938 putamus:

104 940 167 1003 mis
185 940 462 1021 sanctissimisque
474 939 680 1023 evangelicae
697 940 865 1023 religionis
877 939 1079 1023 principibus
1129 940 1280 1023 baptismi
1304 960 1406 1023 equae
1428 941 1658 1008 necessitatem
1686 941 1720 1006 in
1750 940 1930 1006 infantibus
1951 938 1993 1006 ad
2014 940 2102 1006 salu·
2195 964 2197 967 ’

104 1024 218 1090 sedule
239 1046 259 1090 a
281 1026 425 1090 versutis
446 1024 542 1089 huius
563 1026 685 1091 saeculi
706 1026 781 1091 111110
810 1025 1000 1104 1000100000,
1026 1047 1079 1092 ca·
1129 1033 1205 1105 tem,
1234 1026 1469 1092 confessionem
1500 1028 1578 1091 item
1602 1028 1745 1109 0000110
1772 1026 1930 1092 sacerdoti
1953 1034 1987 1091 et
2008 1026 2101 1091 abso·

104 1109 250 1176 rendum
272 1110 352 1192 ipsis
373 1131 445 1176 esse
466 1110 572 1175 modis
594 1112 751 1186 omnibus,
781 1133 824 1175 00
846 1112 900 1177 vel
922 1112 1078 1193 suspicio·
1128 1113 1285 1177 lationem
1308 1113 1479 1194 privatam,
1509 1120 1546 1177 ut
1567 1134 1656 1178 nunc
1684 1112 1749 1177 0110
1776 1132 1842 1177 000
1871 1132 2102 1177 commemore-

105 1218 181 1263 ncm
209 1196 354 1262 levitatis
383 1198 569 1272 incurrant,
598 1196 695 1280 idque
723 1196 809 1280 apud
831 1197 1077 1280 Imperatorem,
1128 1218 1212 1263 mus.
1248 1198 1316 1263 Nos
1338 1206 1425 1264 certe
1447 1199 1483 1262 in
1505 1197 1570 1276 his,
1601 1198 1723 1263 nedum
1752 1198 1788 1261 in
1817 1197 1956 1263 articulo
1984 1197 2102 1263 eucha-

105 1282 192 1365 apnd
214 1303 316 1365 reges,
343 1283 508 1366 principos
530 1294 627 1365 atque
649 1304 762 1348 omncs
784 1284 916 1349 ordines
937 1284 1077 1366 imperii,
1129 1285 1255 1362 ristiae,
1289 1287 1518 1369 Augustanam
1557 1285 1790 1350 confessionem
1823 1304 1889 1348 non
1927 1284 2103 1366 sequimur,

105 1368 193 1452 apud
220 1388 300 1451 quos
332 1369 432 1433 semel
465 1370 600 1451 professi
633 1371 699 1434 sint
737 1368 846 1434 oblata
878 1370 1078 1435 confessione
1129 1390 1234 1452 neque
1256 1369 1349 1434 illam
1370 1390 1515 1452 0000000
1542 1370 1734 1451 simpliciter
1762 1369 1907 1453 recipere
1928 1369 2105 1434 voluerunt

104 1457 246 1538 August.
276 1452 374 1519 fidem
403 1473 506 1533 suam,
537 1475 632 1536 quam
664 1458 698 1518 in
726 1476 845 1520 coenae
872 1455 1002 1539 negotio
1031 1455 1079 1520 100
1129 1455 1284 1521 ecclesiae
1305 1455 1547 1534 Helvetiorum,
1574 1457 1668 1521 sicuti
1691 1456 1782 1539 prius
1804 1475 1930 1538 quoque
1952 1456 2103 1538 exposui·

105 1543 348 1624 proposuerint,
381 1550 419 1604 ut
451 1542 521 1623 ipse
550 1539 672 1606 ansar
701 1553 733 1605 et
763 1543 818 1623 qui
851 1563 886 1606 00
913 1541 1081 1623 appellant
1130 1563 1218 1620 mus,
1248 1539 1327 1605 dum
1348 1543 1547 1606 mentionem
1576 1540 1768 1618 faceremus,
1799 1560 1882 1624 qnae
1910 1542 1944 1604 in
1974 1542 2103 1624 negotio

106 1626 281 1692 catholicos
314 1625 525 1709 approbarint
557 1626 648 1691 illum
680 1626 864 1692 articulum.
901 1627 1079 1692 Oacterum
1129 1626 1320 1692 concordiae
1360 1634 1435 1691 acta
1471 1629 1539 1691 sint
1576 1647 1635 1710 per
1666 1625 1708 1690 D.
1744 1626 1910 1692 Botorum.
1957 1625 2102 1692 Proinde

106 1735 127 1777 a
148 1711 292 1778 levitatis
321 1720 400 1776 nota
428 1713 516 1794 ipsos
545 1712 681 1777 minime
711 1714 887 1795 expurgari
916 1733 1021 1795 posse,
1052 1713 1079 1777 si
1130 1734 1230 1796 quum
1253 1713 1333 1778 haec
1354 1714 1400 1776 ite
1427 1712 1577 1790 habeant,
1605 1733 1670 1778 nen
1691 1720 1815 1778 temere
1836 1711 1989 1790 diximus,
2016 1711 2102 1795 quod

106 1820 195 1863 nunc
222 1819 297 1863 cum
324 1797 391 1863 illis
420 1797 565 1864 ecclesiis
592 1799 808 1875 consentiant,
839 1810 896 1863 aut
924 1798 997 1864 illas
1027 1807 1079 1862 ut·
1131 1797 1226 1864 modo
1258 1799 1453 1881 repetimus,
1494 1797 1586 1863 nobis
1619 1796 1764 1863 nondum
1797 1818 1869 1864 esse
1900 1819 2103 1881 persuasum,

106 1905 234 1967 cunque
256 1884 340 1948 ferre
362 1883 448 1958 velle
471 1886 702 1966 profiteantur,
732 1905 814 1967 quac
842 1886 876 1948 10
899 1884 1079 1949 celebribus
1130 1885 1326 1967 colloquium
1349 1906 1424 1950 cum
1452 1885 1523 1950 istis
1545 1883 1733 1949 hominibus
1758 1885 1890 1949 unicam
1918 1885 2009 1950 illam
2031 1906 2103 1952 esse

106 1970 172 2035 illis
200 1970 349 2046 comitiis,
379 1969 456 2033 dum
487 1970 711 2034 Protestantes
742 1970 844 2034 veluti
875 1972 909 2033 in
938 1970 1079 2053 gratiam
1130 1972 1218 2035 viam
1240 1991 1298 2052 per
1321 1990 1417 2053 00000
1446 1971 1603 2034 veniatur
1631 1969 1673 2035 ad
1693 1990 1804 2035 veram
1836 1969 1973 2037 solidam
2003 1970 2103 2037 stabi·

105 2066 183 2121 sunt
194 2056 326 2138 recepti,
345 2055 435 2119 hae*
455 2056 649 2120 nominatim
667 2065 744 2121 snut
756 2054 938 2134 damnatae,
957 2057 1078 2121 001000-
1129 2055 1259 2139 lemque
1291 2055 1514 2133 concordiam,
1556 2077 1658 2138 quum
1690 2056 1726 2119 in
1759 2055 1910 2122 omnibus
1942 2057 2102 2123 hactenus

104 2150 201 2207 tenus
223 2142 259 2205 in
279 2140 429 2206 omnibus
451 2142 590 2205 comitiis
612 2143 672 2207 sub
695 2142 827 2206 nominc
850 2140 1079 2207 Sacramenta·
1129 2142 1251 2207 habitis
1274 2142 1441 2224 colloquiis
1458 2142 1721 2207 constantissime
1739 2143 1858 2208 nestris
1881 2142 2026 2208 ecclesiis
2046 2143 2103 2207 cb·

105 2228 231 2292 riorum
253 2227 414 2291 exclusae.
451 2225 611 2292 Videmus
639 2228 760 2310 alioqui
784 2227 957 2293 nonnullas
980 2228 1078 2293 urbes
1130 2227 1281 2293 trudatur
1303 2228 1337 2292 in
1356 2226 1507 2292 omnibus
1524 2228 1684 2293 confessio
1696 2228 1891 2312 Augustana
1912 2229 2103 2312 simpliciter

105 2315 141 2380 in
168 2313 233 2378 illis
261 2314 341 2395 ipsis
364 2314 566 2396 Augustanis
594 2314 735 2379 comitiis
764 2314 956 2377 nominatim
987 2312 1077 2377 dam·
1128 2311 1322 2396 recipienda,
1346 2313 1489 2396 adeoque
1511 2313 1576 2378 huc
1598 2322 1746 2395 spectent
1766 2315 1904 2378 istorum
1926 2316 2043 2390 omnia,
2066 2322 2104 2380 ut

105 2408 200 2464 00000
222 2421 288 2464 000
319 2399 461 2481 potuisse
490 2400 605 2482 recipi,
636 2421 739 2482 neque
767 2408 915 2482 receptas
944 2420 1014 2463 esse
1042 2400 1078 2463 in
1130 2399 1252 2465 relictis
1285 2400 1405 2464 nostris
1433 2398 1474 2463 ad
1506 2401 1593 2481 ipses
1626 2400 1855 2465 concedamus:
1889 2399 1973 2482 quod
2000 2422 2101 2483 quum

106 2486 293 2550 societatem
327 2486 587 2550 Protestantinm
621 2486 684 2549 nisi
718 2507 775 2567 pcr
808 2485 1077 2568 subscriptionem
1128 2485 1194 2550 illis
1215 2484 1292 2550 dare
1315 2506 1381 2549 non
1403 2486 1579 2567 possimne,
1607 2484 1671 2550 nisi
1698 2495 1812 2550 contra
1837 2485 1935 2551 fidem
1957 2485 2102 2553 officium

105 2571 314 2636 confessionis
339 2572 557 2653 Augustanae.
1130 2583 1226 2654 00000
1243 2572 1473 2636 conscientiam
1492 2569 1599 2636 facere
1616 2570 1727 2648 libeat,
1747 2581 1783 2636 tu
1801 2573 1866 2636 iam
1885 2572 1992 2655 cogite
2003 2593 2102 2655 quarn

170 2656 318 2721 'Verum
343 2666 381 2720 ut
408 2677 445 2720 eo
468 2656 554 2722 unde
586 2657 723 2740 digressi
753 2678 866 2722 sumus
895 2657 1076 2736 redeamus,
1130 2658 1212 2722 benc
1240 2657 1337 2722 rebus
1365 2656 1520 2722 ecclesiae
1549 2664 1679 2721 nostrae
1709 2658 1868 2735 consulas,
1897 2658 1954 2740 qui
1976 2657 2101 2742 profec-

105 2764 205 2825 quum
235 2752 272 2806 tu
303 2744 372 2825 ipse
400 2745 577 2825 praeterite
599 2750 723 2808 aestate
746 2763 860 2826 ageres
889 2764 964 2807 cum
987 2745 1076 2825 0010-
1130 2741 1274 2808 010011)υο
1296 2744 1455 2824 susceptis
1477 2742 1517 2806 ud
1548 2742 1713 2826 principes
1735 2753 1768 2807 ct
1789 2764 1902 2808 eorum
1924 2744 2101 2822 ministres,

105 2828 231 2912 cipibus
271 2830 481 2910 ipsorumque
514 2828 812 2908 concionatoribus,
850 2828 932 2893 viris
965 2828 1076 2907 doctis,
1131 2830 1192 2894 hoc
1213 2829 1424 2911 impetratum
1447 2829 1548 2912 cupis,
1570 2828 1746 2910 quodcum
1768 2836 1818 2893 tot
1839 2830 2003 2913 tantisque
2024 2850 2103 2896 con·

105 2913 257 2998 benignis
286 2925 319 2978 et
347 2913 532 2991 moderatis,
565 2912 653 2997 quid,
687 2916 827 2989 obsecro,
861 2924 917 2979 tuo
950 2914 1078 2980 efficisti
1129 2915 1274 2979 iunctum
1298 2922 1348 2978 est
1364 2913 1609 2979 difficultatibus
1631 2923 1664 2978 00
1685 2913 1935 2981 (110001001011000.
1971 2914 2102 2983 Scimus

104 2999 285 3083 colloquio?
322 3000 498 3083 Reliquisti
520 3002 555 3064 in
577 3000 708 3065 illorum
729 3000 881 3065 manibus
902 3001 1078 3066 confessic-
1129 3009 1237 3065 autem
1260 3000 1411 3065 ecclesias
1432 2998 1586 3078 Gallicas,
1616 2999 1699 3064 addc
1721 3007 1754 3064 ct
1774 3003 2021 3085 peregrincmm
2043 3022 2103 3085 per

104 3107 179 3151 nem
207 3087 342 3151 nominc
363 3086 611 3152 Helveticarum
640 3100 673 3150 00
694 3084 954 3152 Sabaudicarum
976 3086 1077 3152 eccle-
1130 3086 1359 3164 Germaniam,
1388 3086 1523 3150 minime
1553 3107 1573 3150 0
1599 3085 1694 3152 001010
1721 3085 1887 3168 postulare
1914 3095 1952 3152 nt
1979 3086 2102 3170 aliquid

104 3173 228 3237 siarum
250 3171 381 3247 editam,
404 3193 487 3255 quae
509 3171 580 3238 sola
601 3171 730 3236 abunde
752 3174 864 3238 testari
882 3182 992 3254 posset
1009 3193 1077 3240 non
1129 3172 1313 3250 obscurum,
1342 3172 1510 3253 impexum
1533 3179 1591 3236 aut
1613 3172 1746 3237 veritati
1774 3173 1990 3257 incongruum
2019 3174 2101 3239 reci·

104 3258 139 3322 in
162 3258 262 3322 alium
285 3259 386 3322 finem
408 3256 596 3323 istiusmodi
617 3256 777 3340 colloquia
799 3264 954 3341 spectare,
978 3279 1075 3340 00000
1129 3259 1266 3340 piamus,
1300 3279 1363 3339 quo
1395 3258 1476 3339 ipsis
1509 3257 1606 3322 liceat
1637 3278 1707 3323 esse
1739 3259 1916 3324 tutioribus
1949 3267 1981 3324 et
2013 3269 2104 3325 tran·

103 3343 199 3408 modo
229 3342 380 3408 diximus.
424 3344 595 3409 Confessio
623 3344 711 3409 enim
740 3343 810 3422 1110,
839 3365 935 3426 quam
966 3344 1077 3409 insciis
1129 3344 1238 3426 quillis
1261 3343 1376 3426 magis.
1411 3344 1631 3426 Agnoscimus
1658 3344 1737 3408 item
1766 3363 1844 3427 pace
1866 3352 1899 3411 et
1927 3345 2101 3411 concordia

103 3428 197 3494 nobis
215 3430 371 3507 obtulisti,
391 3431 497 3513 magis
514 3431 548 3493 in
566 3430 712 3514 ipserum
731 3429 912 3496 doctrinam
931 3430 1076 3507 inclinat,
1128 3431 1216 3492 inter
1254 3430 1374 3493 fratres
1413 3429 1496 3492 nihil
1528 3449 1599 3494 esse
1631 3429 1807 3511 optabilius
1846 3437 1880 3496 et
1917 3431 2100 3498 iucundius.

103 3536 201 3598 quam
225 3525 370 3581 nestram
393 3515 585 3599 simpliciter
606 3525 757 3600 exponat.
792 3514 966 3581 Undenas
987 3515 1075 3580 illem
1128 3515 1224 3579 Beati
1246 3516 1382 3597 pacifici,
1406 3516 1452 3578 ait
1469 3513 1642 3594 Dominus,
1664 3516 1818 3598 quoniam
1839 3516 1900 3583 filii
1918 3514 1983 3582 Dei
2004 3538 2103 3584 vcca-

104 3621 281 3685 agncsccrc
301 3623 367 3666 non
391 3603 566 3683 potuimus,
588 3622 625 3666 ae
647 3612 679 3666 te
702 3600 816 3685 ligari
838 3602 873 3664 in
895 3610 989 3667 coetu
1011 3602 1077 3665 fra·
1128 3601 1260 3666 buntur.
1296 3600 1433 3664 Interim
1464 3610 1496 3664 te
1528 3621 1656 3685 quoque
1688 3621 1763 3666 cnm
1797 3601 1948 3667 omnibns
1981 3606 2102 3670 sanctis

105 3696 208 3763 00000,
242 3689 326 3752 01000
355 3689 427 3764 0010,
461 3688 583 3752 10000001
613 3709 727 3753 sumus
755 3695 791 3750 ut
819 3687 859 3751 ab
889 3686 1078 3752 huiusmodi
1129 3706 1304 3770 agnoscere
1326 3707 1390 3749 non
1415 3685 1610 3764 dubitamus,
1639 3696 1772 3770 propter
1793 3707 1907 3770 pacem
1929 3709 1970 3752 ne
1998 3689 2101 3754 latum
2154 3721 2158 3731 ·

105 3772 361 3838 confessionibus
394 3772 575 3838 scribendis
603 3784 635 3838 et
668 3771 844 3837 offerendis
877 3773 1077 3855 principibus
1129 3772 1260 3853 quidem
1295 3771 1395 3854 pilum
1426 3792 1445 3834 a
1474 3774 1613 3837 veritate
1645 3773 1793 3838 confessa
1827 3783 1860 3837 00
1891 3774 2101 3858 simplicitate

105 3859 278 3924 abstineas.
310 3858 532 3942 Nihilominus
550 3880 637 3924 nunc
655 3879 783 3943 quoque
801 3857 879 3922 dum
898 3859 1017 3923 iterum
1036 3859 1078 3923 ad
1128 3867 1241 3923 sancta
1262 3856 1495 3935 recedendum,
1526 3867 1583 3922 aut
1611 3858 1778 3923 tantillum
1800 3867 1914 3923 centra
1935 3862 2102 3926 conscicn-

103 3945 289 4027 principum
332 3945 625 4010 illustrissimorum
671 3946 914 4010 concionatores
957 3944 1078 4009 venisti
1128 3944 1210 4008 tiam
1232 3943 1454 4024 recipiendum
1477 3963 1557 4019 0000,
1579 3944 1722 4008 maxime
1744 3965 1843 4026 quum
1871 3943 1953 4009 illud
1974 3967 2102 4029 quoque

104 4029 329 4096 Wormaciam
363 4031 398 4093 in
432 4030 642 4113 colloquium,
677 4030 766 4095 aliud
799 4031 931 4094 interim
967 4050 1077 4113 agens,
1129 4028 1264 4093 Domini
1287 4028 1410 4092 dictum
1441 4028 1566 4093 celebre
1589 4029 1646 4093 sit:
1678 4029 1753 4094 Non
1784 4030 1862 4094 veni
1890 4049 2003 4113 pacem
2026 4032 2101 4096 mit·

105 4136 238 4180 causam
262 4137 381 4198 nempe
404 4119 586 4181 vinctorum
609 4117 684 4181 Iesu
702 4115 827 4182 Christi
850 4117 883 4180 in
903 4115 1021 4186 Gallia.
1045 4128 1078 4179 et
1129 4125 1197 4179 tere
1220 4114 1275 4179 sed
1299 4113 1453 4197 gladium.
1494 4113 1890 4192 Mclestasaneresest,
1914 4123 2100 4182 attentum

104 4222 224 4267 novam
254 4223 369 4267 rursus
400 4201 636 4268 confessionem
658 4203 894 4284 conscripsisti,
925 4212 958 4264 et
980 4201 1077 4266 collo·
1128 4221 1193 4265 non
1227 4200 1453 4266 abominabilis
1485 4201 1690 4264 infirmorum
1725 4201 1868 4266 offensio.
1912 4200 1979 4266 Sed
2012 4202 2100 4285 quid,

105 4288 219 4369 quium
233 4287 412 4370 postulasti.
441 4287 581 4369 Qualem
594 4287 943 4353 vereconfessicncm?
964 4287 1077 4351 Talem
1129 4287 1269 4365 obsecro,
1303 4285 1417 4361 facies,
1450 4287 1643 4368 praesertim
1676 4307 1775 4369 quum
1809 4293 1841 4351 te
1874 4287 2102 4372 constringant

105 4374 248 4451 omnino,
271 4373 400 4456 qualem
430 4372 567 4438 subinde
594 4373 732 4439 dicimus
753 4382 787 4438 et
808 4372 1037 4455 requirendam
1059 4393 1080 4436 a
1129 4372 1251 4436 diserta
1280 4371 1412 4436 Domini
1445 4370 1600 4436 mandata
1628 4379 1662 4436 et
1692 4371 1873 4455 periculum
1902 4374 1945 4437 sit
1973 4394 2014 4439 ne
2041 4394 2101 4457 per

104 4458 198 4524 nobis
220 4481 278 4543 per
299 4459 382 4538 11100,
403 4471 436 4523 00
458 4458 599 4524 dandam
623 4482 643 4523 a
664 4460 766 4538 nobis,
790 4461 817 4524 si
840 4459 936 4523 modo
955 4458 1078 4541 aliquid
1129 4458 1388 4542 pacificationem
1416 4456 1506 4521 illam
1529 4458 1700 4522 obscuram
1731 4478 1797 4521 non
1819 4456 1915 4522 modo
1944 4480 2009 4524 non
2039 4461 2100 4524 tel·

104 4546 339 4628 pacificationis
360 4565 492 4628 sperare
515 4545 722 4610 voluerimus.
759 4545 871 4609 Talem
891 4546 977 4609 enim
1001 4565 1078 4610 con-
1129 4544 1217 4608 latur
1238 4542 1374 4607 offensio
1404 4544 1468 4606 iam
1497 4543 1682 4607 inveterata
1702 4551 1735 4608 et
1763 4542 1825 4609 hoc
1853 4544 1963 4609 minus
1992 4545 2099 4626 noxia,

105 4630 281 4697 fossionem
305 4630 357 4695 vel
386 4633 456 4713 ipsc
483 4631 657 4713 scripsisti,
687 4631 801 4696 veleb
831 4631 894 4695 alio
923 4630 1077 4713 scriptam
1130 4628 1187 4693 scd
1220 4627 1466 4710 conduplicetur
1493 4629 1604 4712 potius
1636 4628 1815 4694 renovata?
1856 4629 2001 4695 Proinde
2033 4631 2101 4696 fra·

104 4716 263 4794 obtulisti,
276 4722 302 4792 1)
326 4738 408 4799 quae
437 4718 471 4782 in
501 4717 652 4781 omnibus
680 4717 873 4782 confessioni
897 4717 978 4799 Aug.
1001 4735 1078 4780 cen-
1129 4725 1223 4779 terne
1252 4715 1422 4779 hortamur
1449 4735 1487 4778 ac
1519 4713 1725 4780 obsecramus
1752 4721 1795 4790 te,
1826 4714 2015 4780 honorande
2043 4716 2100 4782 do·

105 4803 236 4878 sentiat,
260 4802 400 4880 accedat,
424 4803 569 4886 quinimo
586 4803 781 4866 nominatim
803 4803 908 4884 ipsam
928 4804 1078 4884 profitea-
1129 4801 1218 4864 mine
1240 4809 1274 4864 ct
1306 4799 1409 4864 frater
1437 4800 1614 4878 0001001000,
1648 4821 1690 4865 00
1719 4820 1864 4883 unquam
1897 4801 2100 4869 obliviscaris

106 4895 169 4952 tur.
205 4889 340 4971 Excipis
363 4900 482 4965 tamen,
512 4888 546 4952 id
574 4886 659 4971 qnod
689 4888 822 4952 interim
850 4888 1024 4970 probamus
1047 4895 1079 4951 et
1130 4886 1305 4950 verborum
1329 4885 1464 4950 Domini
1492 4886 1597 4950 nostri
1625 4895 1657 4950 et
1685 4884 1824 4968 apostoli
1846 4886 1916 4951 eius
1946 4885 2099 4953 dicentis:

105 4972 294 5050 laudamus,
328 4975 542 5040 eucharistiae
575 4974 767 5051 articulum,
807 4976 840 5036 in
875 4994 938 5055 000
971 4973 1079 5038 adhuc
1130 4972 1244 5037 Estote
1266 4971 1444 5053 prudentes
1473 4972 1559 5037 sicut
1585 4984 1753 5053 serpentes
1772 4979 1805 5036 et
1834 4971 1997 5054 simplices
2027 4982 2100 5037 tan-

1130 5078 1229 5140 quam
1250 5057 1435 5122 columbae!
1473 5056 1590 5122 Videte
1612 5067 1649 5120 ut
1675 5057 1906 5139 circumspecte
1928 5057 2101 5124 ambuletis

1131 5153 1169 5208 00
1191 5143 1362 5225 sapientes,
1385 5141 1581 5208 redimentes
1598 5144 1810 5221 occasionem,
1829 5142 1917 5225 quod
1934 5142 2004 5208 dies
2021 5145 2101 5210 mali

211 5249 240 5312 6)
266 5250 332 5306 Vide
349 5265 419 5319 qaae
436 5250 629 5303 0000000000
647 5248 684 5303 eu
704 5248 740 5301 N.
758 5246 908 5309 0160000.
926 5250 949 5301 0.
1133 5229 1208 5307 sint,
1232 5249 1270 5294 ac
1292 5238 1451 5310 temperes
1473 5249 1510 5296 ac
1533 5249 1648 5295 caveas
1676 5227 1735 5294 tibi
1762 5229 1896 5312 posthac
1918 5250 1960 5293 ne
1981 5231 2102 5311 princi-

1843 5329 1898 5381 tt*
