4688 5910
1034 314 1297 387 EPIstOLrtll
1318 318 1529 382 atat-2689
2212 318 2270 382 676

290 274 374 388 aaa¹

371 506 409 574 S.
433 507 554 590 Aoeepi
571 514 653 584 tuas,
672 503 855 589 Bulliopere
871 511 1039 589 oompater
1060 504 1097 569 in
1112 502 1258 572 Domino
1309 508 1388 569 sunt
1407 501 1533 582 literae,
1560 503 1649 570 inter
1669 523 1750 587 quas
1770 503 1882 570 variae
1902 501 1963 569 sub
1985 502 2108 571 oaloem
2128 503 2198 570 fere
2217 503 2270 569 ad·

289 593 465 669 oarissime,
498 591 614 675 quibus
638 611 658 655 a
692 611 746 655 me
774 591 860 674 potis
887 589 965 674 quid
990 588 1030 656 de
1058 589 1259 657 eonfessione
1309 608 1424 654 versus
1452 607 1513 655 nos
1541 587 1712 655 Nordauos
1743 596 1830 655 sunt.
1875 588 2058 656 Oonsilium
2084 588 2190 674 igitur
2210 587 2270 655 lra

288 678 331 744 D.
345 677 466 759 Forelll
487 674 641 743 aoBeeoe
662 676 725 741 hao
747 685 871 741 aestate
882 675 1074 759 Geppingae
1096 673 1137 740 de
1158 696 1259 743 ooena
1308 680 1397 739 tram
1419 675 1566 739 omnium
1594 674 1666 753 luit,
1690 684 1728 740 ut
1748 674 1876 758 publioe
1896 695 1956 740 nos
1978 674 2019 739 ab
2040 674 2201 741 eiusmodi
2222 694 2270 740 oo·

288 761 420 829 Domini
448 762 571 845 seripta
598 768 630 826 et
659 760 807 844 Prinoipi
837 761 1014 844 Wirtemp.
1043 760 1165 827 oblata
1183 780 1258 827 sen·
1307 758 1444 825 lumniis
1464 780 1689 845 purgaremus.
1734 761 1817 826 Tota
1836 761 1938 845 igitur
1957 760 2020 826 hae
2040 767 2175 839 aestate,
2198 759 2270 826 dum

288 849 377 915 tiam.
428 847 540 928 Quum
576 867 649 911 eam
680 846 745 913 huo
775 848 816 911 D.
839 845 969 913 Hollero
997 846 1156 930 eompatri
1185 867 1258 911 meo
1308 845 1410 910 otium
1438 844 1509 922 tuit,
1539 847 1575 909 in
1607 844 1839 912 eonsoribonda
1866 845 2013 930 apologia
2043 845 2270 925 laborationi

288 934 442 1011 misisses,
469 954 536 997 non
565 932 645 996 satis
665 931 887 1015 persuadebat
907 931 973 997 tale
995 931 1073 1016 quid
1094 952 1115 997 a
1132 929 1259 997 duobus
1308 937 1485 996 traotatum
1506 929 1546 995 de
1567 929 1782 998 eueharistioa
1802 952 1848 1010 re,
1870 932 1906 996 in
1928 951 1992 1014 qno
2013 931 2271 998 adversariorum

288 1019 359 1084 istis
387 1017 542 1083 fratribus
570 1016 606 1081 in
638 1017 780 1082 Domino
809 1017 984 1083 mrissimis
1021 1037 1093 1083 esse
1126 1017 1257 1082 sautum.
1308 1025 1504 1099 argumenta
1524 1015 1638 1083 ordine
1666 1036 1725 1099 pro
1757 1036 1830 1082 mea
1857 1017 2015 1082 tenuitate
2043 1016 2135 1094 dilui,
2163 1015 2269 1084 adieoi

288 1103 360 1169 Iam
395 1124 471 1170 vero
503 1101 657 1186 quoniam
690 1122 763 1167 eam
795 1100 947 1169 Galatam
978 1114 1091 1168 noster
1124 1103 1164 1168 ab
1186 1101 1258 1183 ipso
1309 1099 1434 1166 Verum
1456 1101 1522 1166 iam
1544 1100 1643 1172 multi
1656 1103 1728 1167 eius
1740 1101 1930 1169 dissuadent
1945 1100 2131 1179 editionem,
2154 1123 2197 1167 ne
2217 1122 2269 1185 pa·

288 1189 379 1255 Boeo
400 1199 566 1271 aoeeptam
586 1186 830 1272 PetreMortym'
850 1188 941 1254 misit
957 1188 1131 1254 oontristor
1148 1185 1258 1252 admo-
1309 1207 1389 1264 eam,
1418 1206 1501 1270 quae
1533 1187 1568 1252 in
1604 1188 1764 1271 superiori
1797 1186 1965 1253 ooneiliolo
1997 1185 2270 1252 Fraueofordiano

289 1274 367 1340 dum
389 1294 427 1340 ao
447 1273 661 1341 vehementer
677 1273 778 1338 miror
803 1293 963 1357 quaenam
984 1263 1083 1338 luerit
1104 1274 1183 1356 ipsis
1200 1293 1259 1338 ne-
1309 1280 1421 1354 ooepta
1442 1271 1583 1353 videtur,
1604 1281 1715 1339 nostro
1738 1273 1859 1355 seripto
1879 1274 2072 1356 perturbare
2094 1281 2153 1337 aut
2173 1272 2269 1356 impe

289 1360 423 1426 oessitas
460 1360 530 1424 sine
566 1367 824 1442 symmystarum
860 1358 1111 1442 praeeipuorum
1142 1356 1258 1423 saltem
1310 1355 1380 1421 dire
1396 1355 1575 1423 videamur.
1604 1357 1658 1423 Ita
1677 1358 1731 1425 hio
1748 1379 1926 1442 suspensus
1947 1357 2074 1435 haereo,
2097 1357 2177 1441 quid
2199 1378 2269 1425 oon·

289 1444 488 1513 oonsoientia
520 1443 619 1510 talem
648 1463 841 1528 oomponere
873 1442 1121 1523 confessionem,
1148 1442 1259 1526 illique
1310 1441 1395 1508 sulto
1426 1461 1508 1526 opus
1529 1443 1587 1522 sit,
1613 1441 1751 1509 edereue
1780 1465 1824 1509 an
1851 1463 2000 1526 premere
2028 1443 2269 1527 responsionem

289 1530 376 1596 tituli
398 1530 468 1596 vioe
489 1531 699 1611 praemittere
720 1530 806 1612 quod
828 1529 869 1593 ad
886 1529 976 1595 huno
997 1529 1131 1594 modum
1153 1529 1190 1593 in
1207 1549 1258 1594 eo-
1310 1534 1456 1592 nostram
1492 1526 1675 1594 debeamus.
1730 1528 1896 1595 Deolesiae
1922 1550 2018 1613 porro
2048 1539 2181 1595 nostrae
2208 1528 2270 1595 loeo

291 1615 399 1682 elosiis
421 1615 602 1681 Helvetiois
624 1624 658 1679 et
686 1613 878 1681 Sabaudiois
906 1615 1065 1680 doooatur.
1108 1611 1196 1679 Sunt
1224 1614 1260 1677 hi
1309 1612 1375 1676 iam
1392 1620 1472 1678 sunt
1491 1613 1576 1680 bono
1598 1625 1632 1680 et
1655 1614 1840 1697 tranquillo,
1862 1613 2137 1698 quemadmodum
2155 1621 2189 1679 et
2203 1635 2269 1680 ves·

290 1702 355 1767 duo
382 1701 501 1766 fratres
530 1698 621 1784 digni
650 1719 729 1782 quos
750 1701 866 1765 merito
887 1698 1066 1766 habeamus
1087 1700 1122 1764 in
1144 1700 1258 1782 pretio,
1309 1705 1393 1763 trum
1422 1719 1493 1765 esse
1514 1719 1684 1783 speramus
1708 1701 1861 1766 bonefisio
1889 1700 1968 1780 Dei,
2018 1700 2054 1765 ui
2084 1720 2142 1765 vos
2163 1719 2269 1765 omnes

291 1807 393 1872 quum
421 1785 552 1869 pietatis
579 1793 612 1850 et
638 1784 830 1851 eruditionis
857 1786 988 1851 nomine
1009 1793 1082 1850 tum
1102 1783 1187 1867 quod
1209 1805 1259 1850 se-
1309 1784 1446 1866 sospitet
1471 1783 1512 1848 ad
1544 1785 1685 1850 nominis
1717 1785 1771 1850 sui
1810 1785 1956 1870 gloriam.
2034 1785 2094 1850 ale.
2142 1785 2268 1868 Raptim

291 1873 364 1938 nior
401 1871 457 1936 ille
489 1891 526 1936 ao
559 1878 735 1937 veteranus
767 1870 891 1936 (lhristi
924 1870 1018 1936 miles
1051 1868 1191 1936 fideliter
1222 1889 1259 1936 ao
1309 1868 1439 1935 Nordae
1465 1871 1711 1955 rtotsugusti
1732 1875 1782 1935 23.

292 1956 408 2023 dextre
429 1977 548 2022 nausae
565 1957 711 2023 veritatis
733 1956 959 2041 propagandae
976 1955 1097 2021 multos
1118 1956 1183 2020 iam
1201 1976 1259 2020 an·

291 2064 352 2110 nos
373 2042 461 2109 haud
483 2042 605 2125 absque
625 2042 734 2108 fruetu
746 2043 894 2109 servivit.
929 2041 1041 2123 Quare
1064 2061 1116 2107 me
1136 2039 1259 2106 laetum

291 2128 423 2193 illorum
445 2127 506 2195 hoo
535 2128 675 2211 amplius
704 2127 815 2193 turbat
843 2149 906 2210 quo
935 2127 988 2194 vel
1010 2126 1103 2192 nobis
1122 2125 1176 2192 vel
1198 2126 1258 2191 sibi

291 2213 372 2296 ipsis
401 2215 568 2298 negotium
597 2222 803 2297 pepererunt,
837 2213 866 2278 si
882 2233 1108 2296 prooessurum
1130 2212 1173 2277 sit
1193 2211 1259 2275 ool·

290 2299 446 2383 loquium,
469 2320 532 2382 quo
560 2299 665 2382 magis
688 2307 861 2381 utrumque
887 2298 923 2363 in
951 2297 1094 2362 Domino
1112 2305 1260 2362 amanter

291 2385 493 2468 eompleotor.
544 2383 720 2450 (laetorum
747 2405 829 2465 quae
857 2384 897 2449 de
918 2381 1100 2450 substantia
1122 2381 1257 2460 Christi,

291 2491 389 2537 earne
406 2469 560 2537 videlieet
576 2489 613 2534 ao
631 2470 789 2552 sangnine
811 2469 882 2535 eius
908 2489 945 2534 ao
965 2467 1052 2533 illius
1073 2468 1259 2552 praesentia

291 2556 326 2621 in
348 2575 457 2630 ooena,
487 2554 642 2633 soribunt,
670 2574 743 2620 meo
764 2554 884 2620 iudioio
905 2554 1009 2638 magis
1031 2552 1258 2637 disputationis

293 2661 375 2725 quae
395 2661 456 2722 per
476 2639 535 2705 illa
559 2641 646 2705 inter
668 2661 727 2704 nos
748 2641 884 2706 exeitari
909 2639 1039 2722 poterit,
1062 2659 1160 2721 quam
1182 2659 1258 2704 oon·

294 2725 467 2793 oiliationis
488 2745 562 2790 oum
584 2724 786 2791 Lutheranis
814 2726 969 2791 fratribus
996 2722 1159 2790 ineundae
1189 2744 1259 2788 ma·

292 2811 409 2876 teriam
438 2809 569 2876 habent.
619 2809 731 2891 Quare
771 2810 929 2877 eiusmodi
958 2809 1161 2893 loquutiones
1193 2829 1258 2874 non

1659 2008 1750 2074 'Puae
1771 2007 1968 2073 humanitati
1991 2007 2233 2074 addiotissimus

1758 2093 1923 2159 Martinus
1944 2093 2137 2160 Mieronius.

1688 2402 1883 2411 μ’..

1738 2653 1839 2723 2689.

1395 2807 1514 2872 Buta
1537 2805 1843 2874 BUDLINGDRO
1865 2808 1924 2872 ΕΤ
1946 2806 2192 2875 VERMILIO.

294 2895 404 2981 probo.
438 2895 721 2977 Quemadmodum
743 2917 802 2963 neo
813 2895 895 2962 illud
916 2894 1001 2980 quod
1021 2892 1257 2977 modumprae·

291 2982 418 3047 sentiae
451 2982 549 3046 huius
577 2981 639 3048 soli
665 2981 724 3047 deo
751 2984 917 3066 oognitum
948 3001 1019 3047 esse
1051 2988 1085 3046 et
1105 2989 1257 3045 tamena
1397 2976 1624 3060 Oonfeseieoem
1655 2998 1749 3044 auom
1786 2983 1815 3043 et
1845 2977 1969 3044 Forolli
2002 2978 2040 3044 de
2071 2998 2164 3045 ooorra
2191 2977 2267 3044 Due

294 3066 388 3133 nobis
419 3066 507 3133 eredi
535 3065 656 3133 diount.
695 3101 1256 3115 ---------
1317 3062 1499 3130 ertember
1517 3065 1584 3129 erui
1610 3064 1763 3129 traditam
1787 3063 1938 3142 audiret,
1970 3069 2106 3144 amat,
2137 3064 2267 3149 explieot,

294 3152 424 3218 Bernao
444 3175 499 3218 xx.
522 3153 666 3239 Augusti
686 3157 777 3218 1557.
1309 3150 1444 3216 maxim
1476 3085 1583 3215 adlatis
1615 3150 1765 3232 mepte
1796 3169 1836 3214 ea
1866 3150 2268 3217 obsonatoribus

924 3287 981 3353 W.
1003 3286 1174 3354 Musonius
1310 3235 1352 3300 N'
1378 3235 1414 3300 Ἠ

844 3379 920 3439 tuus
939 3374 974 3438 in
994 3372 1138 3440 Domino
1159 3378 1258 3438 tom&
1940 3422 1967 3475 p.
1977 3405 2054 3461 Tom.
2065 3405 2116 3461 IV.
2125 3423 2197 3461 nuno
2206 3407 2268 3461 Plnt

1507 3475 1529 3540 d,
1546 3471 1605 3527 Fol.
1623 3470 1684 3527 471.
1702 3472 1801 3527 Simler
1817 3472 1880 3527 Vol
1933 3515 1941 3530 .
1959 3475 2054 3528 Edidit
2067 3476 2164 3529 Banna
2172 3477 2194 3529 1.
2202 3473 2268 3537 471.)

1309 3405 1364 3472 (ru
1381 3405 1549 3526 autographo
1558 3404 1639 3459 Aroh.
1648 3404 1736 3458 'lario
1746 3403 1831 3457 Sor-in.
1850 3404 1878 3458 G.

1311 3473 1359 3526 v1.
1376 3474 1437 3530 Vol.
1456 3472 1488 3526 11

673 3667 872 3675 ——u———--—

1394 3643 1536 3709 Eximiis
1547 3642 1671 3710 Ohristi
1693 3645 1797 3710 servis
1818 3645 1966 3729 patribus
1986 3645 2069 3711 mihi
2083 3648 2119 3711 in
2137 3645 2268 3711 Domino

1310 3729 1489 3815 plurimum
1522 3729 1733 3796 observandis
1766 3729 1809 3795 D.
1841 3730 1989 3798 Henrioo
2019 3731 2213 3818 Bullingoro
2241 3736 2268 3799 ot

1310 3815 1352 3883 D.
1375 3815 1474 3881 Petro
1496 3814 1648 3899 Martyri
2066 3903 2183 3988 'figam

1521 4068 1672 4138 Salutem
1693 4080 1726 4138 et
1747 4093 1859 4156 paoem
1881 4093 1900 4138 a
1922 4072 2073 4139 Domino.

1394 4223 1530 4290 Morbus
1540 4229 1565 4303 ¹)
1598 4227 1716 4309 partim
1744 4247 1785 4291 ex
1813 4247 1968 4305 moerore,
2000 4228 2123 4310 partim
2152 4250 2194 4294 ex
2219 4226 2268 4293 illo

1309 4309 1517 4393 contagione,
1550 4330 1633 4392 quoe
1665 4311 1810 4396 singulos
1841 4332 1945 4396 paene
1978 4312 2128 4379 homines
2157 4316 2192 4378 in
2223 4313 2268 4378 his

1216 4434 1223 4449 ·
1309 4394 1497 4479 regionibus
1508 4394 1570 4462 hoo
1581 4417 1692 4464 mense
1702 4398 1831 4476 invasit,
1839 4407 2027 4464 nontraotus
2038 4399 2086 4463 ita
2096 4420 2151 4465 me
2161 4398 2269 4465 afflixit

1309 4489 1347 4545 ut
1368 4481 1402 4544 in
1423 4481 1510 4545 huno
1538 4502 1639 4565 usque
1666 4483 1753 4549 diem
1777 4482 1896 4549 fuerim
1928 4492 2059 4551 ooaotus
2085 4503 2268 4571 responsum

1309 4565 1440 4630 differre
1462 4565 1503 4632 ad
1521 4587 1577 4633 eas
1595 4567 1706 4634 literas
1721 4589 1835 4653 quasa
1852 4568 1944 4635 vobis
1965 4578 2148 4653 postremas
2170 4568 2267 4654 aoospi

1309 4658 1342 4716 et
1363 4672 1450 4717 nuno
1481 4672 1608 4737 quoque
1633 4661 1747 4720 eontra
1777 4654 2044 4721 eonsuetudinem
2061 4678 2171 4722 meam
2191 4677 2267 4723 oom-

294 4770 1258 4785 ---------------
1308 4757 1425 4802 munes
1445 4737 1538 4803 vobis
1547 4737 1659 4805 literas
1670 4738 1818 4822 sor-ibam,
1840 4740 1974 4806 minime
1989 4740 2023 4806 id
2033 4741 2168 4824 quidem
2184 4738 2267 4826 quasi

379 4819 456 4886 Non
482 4829 516 4885 te
548 4819 688 4886 arbitror
716 4819 819 4885 latere
847 4820 910 4885 hae
939 4825 1061 4885 aestate
1088 4820 1124 4884 in
1149 4819 1258 4886 luoem
1310 4823 1362 4889 vel
1383 4822 1467 4888 mihi
1487 4844 1546 4907 per
1567 4846 1603 4892 se
1624 4825 1798 4892 molestum
1819 4827 1863 4892 sit
1884 4825 1926 4892 ad
1947 4847 2006 4892 vos
2017 4827 2187 4912 sigillatim
2198 4827 2266 4895 sori·

294 4906 453 4991 prodiisse
470 4905 706 4972 mnfessionem
728 4905 939 4971 eoolesiarum
957 4902 1197 4971 Saxonioarum
1218 4902 1259 4969 de
1308 4909 1399 4987 bore,
1422 4907 1476 4975 vel
1496 4909 1524 4973 si
1546 4931 1609 4995 qua
1628 4911 1726 4977 etiam
1747 4912 1801 4979 hio
1821 4918 1908 4979 esset
1928 4911 2092 4993 molestia,
2114 4935 2183 4980 non
2203 4930 2266 4979 eam

295 5013 331 5057 re
362 4991 585 5070 eucharistias,
599 4996 623 5068 ¹)
655 4990 708 5055 oui
729 4990 851 5057 multae
872 4999 906 5057 et
925 4992 1036 5057 variae
1057 4990 1259 5057 subinsertae
1308 4994 1427 5060 fuerim
1447 4994 1647 5077 perlibenter
1667 4996 1844 5079 subiturus,
1864 4997 1921 5064 sed
1943 4998 2065 5082 partim
2086 5000 2174 5083 quod
2194 5018 2265 5065 non·

725 3897 826 3969 2⁶88.

477 4049 736 4118 MIORONIUS
764 4049 1076 4119 BULLINGERO.
1140 4117 1142 4124 .

381 4224 507 4291 Ptodt‘t't
527 4222 677 4305 wafeaao
697 4221 895 4288 eculeum
918 4219 1148 4287 tamtam
1168 4223 1205 4287 de
1223 4242 1259 4288 re

295 4310 498 4379 muriatica
518 4310 552 4374 s'o
573 4328 637 4389 qao
662 4307 789 4374 ereata
811 4306 987 4374 Nordeaaia
1015 4306 1184 4375 coemtio
1201 4308 1259 4373 trra

289 4398 415 4480 petitam
461 4393 575 4461 castra
595 4393 654 4458 leae
682 4392 855 4475 opolops‘om
875 4393 1012 4475 amipeit.

481 4564 535 4631 (ax
553 4563 671 4620 aaran
694 4562 822 4617 antas
839 4562 873 4616 a.
891 4560 933 4630 aa,
951 4580 979 4633 p.
996 4560 1071 4632 sor.)

297 5211 388 5268 2088.
396 5211 425 5280 1)
450 5211 516 5267 Vide
534 5211 655 5282 Prolata.
672 5216 771 5268 ΜΝ
790 5210 860 5280 Opp.
885 5212 940 5268 Vot
958 5209 1014 5265 IX.
1029 5227 1058 5279 p.
1075 5212 1134 5266 ια’.
1309 5213 1401 5270 2689.
1412 5217 1440 5281 l)
1463 5215 1531 5272 Vide
1546 5216 1638 5272 Bouto
1655 5217 1680 5274 1.
1696 5216 1755 5272 284.
