4688 5910
93 304 154 368 ost
964 305 1049 367 rear.
1065 302 1228 373 aaron.
1315 392 1316 396 .
1882 379 1887 386 ,
2032 264 2105 374 ets

91 489 166 556 fieri
199 489 344 556 cladibus
378 490 516 570 bellicis,
552 502 589 557 ut
621 493 762 559 atrocius
793 491 921 557 saeviat
953 497 1068 556 contre
1120 492 1241 557 ameris
1269 490 1489 558 immortalem
1517 491 1611 558 nobis
1638 494 1780 559 fractum
1807 513 1940 578 capere,
1969 493 2017 560 sio
2045 494 2098 562 illi

93 576 175 659 pios.
210 575 375 642 Dominus
397 575 603 644 omneseias
624 578 725 644 furias
747 586 938 661 compescat
1119 576 1160 642 de
1182 577 1336 643 saciare
1358 576 1442 642 nihil
1463 575 1566 644 decidi
1589 586 1703 661 potest
1744 579 1828 644 Nam
1851 601 1894 646 ex
1914 577 2096 647 liberorum

180 660 277 743 Quod
304 675 379 728 tuos
405 663 657 729 commentarios
683 663 807 730 Obristi
829 662 998 729 exsulibus
1020 661 1068 726 di·
1119 663 1320 729 ornamentis
1352 665 1388 727 in
1417 664 1534 746 quibus
1567 674 1645 729 sunt
1678 665 1918 748 praestantium
1947 666 2098 732 virorum

93 747 198 815 cando
220 758 314 813 tuam
332 770 412 833 erga
430 770 490 814 ncs
507 770 652 814 amorem
670 749 797 832 publice
819 757 977 814 testatum
998 769 1070 814 esse
1119 748 1281 814 amicitiae
1314 749 1356 815 ad
1388 760 1561 832 parentum
1601 750 1730 815 laudem
1763 750 1994 816 cumulandam
2026 774 2096 819 non

94 834 245 911 voluisti,
277 834 333 918 qai
361 833 415 900 hic
445 844 523 900 sunt
554 835 721 919 peregrini
752 833 810 899 tibi
843 833 1070 899 communibus
1119 854 1224 917 parva
1240 834 1322 898 solet
1340 835 1411 899 tisri
1430 835 1579 900 accessio.
1614 835 1663 902 Ut
1680 836 1797 900 merito
1814 856 1880 900 non
1896 835 2097 918 dubitemus,

96 920 201 984 literis
222 921 345 1005 gratias
367 934 469 1005 agunt
491 930 525 984 et
546 934 703 1004 cuperent
726 920 862 1003 plenius,
884 920 913 984 si
936 919 1069 983 daretur
1120 917 1200 984 dum
1222 920 1433 1004 gravissimas
1455 931 1527 985 tuas
1548 921 1585 984 in
1603 921 1736 987 Ioannis
1751 921 1978 1005 Apocalypsin
2001 922 2104 989 lucu·-

96 1008 239 1085 oceasio,
271 1028 364 1072 suam
398 1004 633 1090 gratitudinem
664 1028 698 1071 re
727 1008 798 1089 ipsa
828 1006 952 1071 testari.
996 1005 1069 1088 Ego
1121 1004 1286 1069 bratianes
1313 1005 1348 1070 in
1371 1005 1504 1070 nomine
1526 1016 1639 1070 nostro
1661 1026 1818 1089 apparere
1839 1006 1987 1086 voluisti,
2018 1030 2093 1073 con·

96 1114 224 1176 qnoque
242 1091 341 1156 officii
364 1093 429 1156 mei
451 1113 521 1158 esse
540 1091 617 1157 duri
638 1091 774 1157 verbum
794 1092 854 1157 boc
877 1092 982 1157 instar
1003 1090 1068 1155 suf·
1120 1091 1229 1154 silium
1253 1090 1310 1156 tibi
1339 1091 1438 1155 inisse
1460 1113 1526 1155 non
1556 1090 1661 1156 solam
1691 1091 1788 1156 huius
1810 1091 1905 1157 ovilis
1928 1091 1969 1156 ad
1990 1093 2100 1175 pieta·-
2217 1161 2225 1173 ‚

96 1178 195 1263 iragii
217 1177 344 1243 addere.
383 1178 477 1255 Vale,
500 1179 706 1242 ornatissime
728 1179 781 1242 vir
803 1178 938 1242 etmihi
960 1177 1069 1241 obser·
1121 1184 1188 1241 tem
1210 1174 1368 1241 incitandi
1391 1185 1424 1241 et
1445 1175 1645 1241 informandi
1663 1176 1720 1242 sed
1742 1178 1813 1242 eius
1835 1177 1934 1241 etiam
1953 1179 2093 1260 pastoris

96 1264 205 1330 vande
222 1262 419 1343 fraternus
436 1285 510 1329 cum
527 1264 651 1328 familia
669 1272 703 1328 et
720 1264 923 1348 symmystis.
958 1261 1071 1327 Domi·
1122 1261 1200 1327 hinc
1222 1261 1326 1346 magis
1349 1269 1445 1345 atque
1469 1264 1573 1344 magis
1595 1262 1784 1327 exornandi.
1820 1259 1933 1343 Quare
1956 1271 2095 1347 utroque
2139 1274 2141 1278 ’

97 1372 160 1416 nus
180 1372 236 1415 vos
254 1371 366 1415 omnes
384 1359 556 1416 conservet
578 1360 671 1433 regat
693 1357 726 1413 et
748 1349 938 1415 benedicere
956 1355 1072 1431 perget
1122 1348 1255 1413 nomine
1275 1367 1336 1412 nos
1359 1346 1417 1412 tibi
1439 1350 1549 1411 omnia
1567 1346 1731 1426 debemus,
1755 1369 1854 1431 quum
1876 1348 1912 1412 in
1930 1347 2094 1433 diligendo

97 1458 201 1519 usque
223 1437 258 1500 in
280 1439 388 1500 finem.
425 1437 581 1502 Geaevae
603 1435 699 1500 nonis
724 1433 877 1501 Octobris
903 1439 992 1498 1557.
1122 1444 1235 1498 nostro
1257 1432 1386 1498 doctore
1407 1431 1494 1497 idam
1516 1434 1571 1516 qui
1599 1454 1728 1516 semper
1755 1433 1846 1498 fuisti
1872 1453 1991 1517 perges
2012 1456 2093 1511 esse,

1122 1528 1156 1582 et
1184 1538 1259 1582 eum
1289 1538 1434 1582 amorem
1463 1518 1534 1583 eius
1557 1516 1732 1601 discipulis,
1760 1519 1860 1584 etiam
1881 1517 1996 1585 dicatis
2019 1520 2093 1587 dcc-

1122 1604 1166 1669 tis
1187 1603 1255 1669 tuis
1276 1602 1400 1688 vigiliis
1426 1604 1618 1686 posteritati,
1652 1603 1806 1686 quamdiu
1841 1604 1894 1668 hic
1927 1605 1974 1670 sol
2007 1602 2095 1671 vide·

1122 1689 1220 1768 bitur,
1242 1695 1399 1753 testatum
1421 1710 1491 1755 esse
1515 1689 1664 1754 volueris.
1708 1689 1792 1771 Quis
1813 1698 1845 1754 te
1868 1689 1908 1754 de
1931 1700 1996 1754 tam
2020 1711 2094 1755 raro

1122 1795 1260 1839 munere
1281 1795 1348 1839 nou
1370 1774 1478 1840 amet?
1502 1777 1556 1857 qui
1575 1775 1692 1858 dignas
1712 1796 1809 1859 egere
1826 1776 1948 1859 gratias
1970 1774 2096 1858 possit?

1123 1860 1197 1943 quis
1215 1869 1282 1924 tam
1306 1880 1422 1925 suaves
1445 1881 1552 1925 mores
1582 1872 1714 1944 tamque
1745 1860 1872 1925 doctam
1894 1874 1928 1924 et
1953 1871 2101 1927 sanctam

1123 1954 1325 2012 senectutem
1344 1967 1408 2010 non
1428 1945 1655 2028 amplectatur,
1678 1946 1772 2022 colat,
1794 1945 1968 2011 observet?
2003 1946 2101 2012 Facis

1123 2042 1162 2096 ut
1178 2032 1246 2096 vivi
1266 2030 1363 2096 hodie
1386 2031 1561 2095 testimonii
1584 2034 1631 2096 tui
1644 2033 1827 2107 autoritate,
1849 2030 1979 2105 iudicio,
2002 2032 2101 2098 bene·

543 2151 631 2221 2734
1123 2117 1288 2181 velentiae
1316 2125 1350 2182 et
1382 2117 1507 2200 ingenii
1535 2120 1697 2182 suavitate
1729 2118 1879 2200 foetuque
1909 2127 1976 2181 tam
2006 2118 2101 2184 docta

634 2200 642 2218 ⁶
1124 2203 1341 2285 perfruamur.
1390 2201 1429 2267 si
1456 2203 1591 2286 ingenui
1621 2202 1837 2286 liberalesque
1868 2202 2017 2268 homines
2045 2223 2102 2268 aes

99 2307 316 2377 ΜΙΝΙΒΤΒΙ
337 2305 670 2374 EOOLESIARUM
697 2244 1074 2371 PEREGMNARUM
1125 2288 1266 2352 alienum
1296 2286 1495 2363 dissolvunt,
1528 2287 1604 2351 dnm
1636 2290 1832 2371 profitentur
1859 2288 1888 2352 ei
1918 2289 1968 2352 cui
1997 2289 2101 2352 multa

247 2409 588 2476 GENEVENSIUM
612 2406 927 2473 BULLINGERO·
1125 2374 1247 2439 debent
1268 2395 1302 2437 se
1333 2373 1431 2472 plura
1452 2373 1692 2473 vellendebere
1711 2372 1829 2472 ‚facias
1857 2371 1949 2438 nobis
1973 2395 2102 2472 quoque

1126 2482 1165 2525 ea
1187 2458 1243 2524 sed
1266 2458 1335 2524 sola
1357 2457 1553 2524 dissolvendi
1574 2471 1636 2523 erit
1658 2471 1749 2524 ratio.
1790 2458 1876 2523 Nam
1898 2480 1939 2523 ex
1958 2478 1996 2522 ec
2017 2457 2113 2525 libro,

189 2584 378 2648 Gratiarum
399 2583 487 2658 actio,
508 2601 578 2646 cam
597 2579 720 2645 Caluini
738 2579 830 2642 laada
846 2581 1016 2658 coniuncta,
1038 2580 1075 2644 de
1126 2556 1194 2622 Μ’
1228 2546 1263 2607 ἱῃ
1293 2565 1356 2627 ‘³¹¹⁰
1385 2566 1444 2643 ¹¹⁰?
1459 2544 1639 2644 .³ppll¹³¹·'⁰
1663 2546 1816 2628 dignam
1842 2565 1885 2620 ⁰⁸'
1919 2544 2101 2644 m²¹im¹¹¹3¹

103 2669 290 2737 commum
311 2671 380 2733 eius
400 2668 597 2732 dedicatione·
1127 2652 1202 2695 eum
1225 2631 1381 2694 honorem
1409 2628 1468 2729 tibi
1495 2629 1632 2730 ferimus
1659 2642 1845 2728 acceptum:
1877 2629 1934 2694 sed
1953 2652 1996 2728 px
2011 2652 2101 2730 'assi-

1128 2715 1193 2781 dua
1218 2736 1316 2798 quam
1345 2715 1542 2780 meditamur
1569 2738 1640 2781 eius
1669 2717 1804 2780 lectione
1834 2737 1899 2780 non
1930 2714 2101 2800 drgmtat1s

101 2843 157 2904 (nx
181 2839 349 2909 autographo
369 2839 450 2894 aros.
470 2838 533 2889 ιιι.
555 2837 626 2888 ιιι.
645 2837 691 2888 ιιι.
711 2835 772 2888 va.
792 2835 849 2899 icc,
874 2835 908 2887 u.
928 2834 985 2900 ιιι,
1010 2836 1074 2888 oum
1127 2801 1232 2901 solam
1264 2800 1321 2900 sed
1351 2800 1463 2901 doctae
1485 2802 1616 2884 pietatis
1646 2803 1772 2901 enatus
1794 2801 1976 2901 uberrimos
1998 2800 2058 2866 tibi
2081 2821 2101 2864 ὃ

56 2949 66 2969 ,
100 2909 189 2965 Scrin.
208 2911 238 2963 B.
258 2908 298 2962 19.
326 2908 396 2977 Epp.
418 2908 515 2988 anglie.
539 2934 561 2942 -
585 2906 689 2985 simler.
708 2904 767 2957 Vol.
792 2902 834 2960 90.
869 2903 952 2957 Edita
977 2912 1020 2956 est
1046 2905 1074 2956 in
1127 2886 1221 2952 nobis
1243 2884 1388 2952 debitum
1409 2908 1450 2950 ιιι
1468 2908 1638 2970 speramus
1660 2897 1692 2951 et
1709 2893 1842 2986 interim
1862 2884 2099 3036 praedicamus.

171 2981 296 3032 barnem
314 2979 330 3030 1.
350 2978 383 3029 de
403 2978 500 3028 ritibus
517 2975 624 3028 scholae
642 2973 734 3042 Tusur-
752 2973 793 3026 ed.
813 2973 870 3026 oa.
889 2989 915 3042 p.
934 2970 1005 3034 133.)
1125 2972 1241 3055 Neque
1268 2971 1415 3037 futurum
1438 2982 1488 3037 est
1509 2994 1656 3056 unquam
1678 2984 1714 3038 ut
1743 2972 1840 3037 haras
1883 2973 2009 3038 eneficn
2031 2992 2099 3037 me-

556 1572 694 1637 Ioannes
717 1571 877 1636 Calvinus
899 1580 983 1634 tuus.

1125 3059 1263 3123 moriam
1290 3058 1325 3123 in
1353 3058 1446 3123 nobis
1475 3057 1591 3123 obruat
1618 3058 1746 3123 oblivio.
1789 3057 1860 3122 Iam
1891 3077 1969 3122 vero
1998 3078 2099 3139 quum

101 3151 162 3215 Pio
184 3160 218 3215 et
239 3147 332 3214 docto
355 3150 427 3212 viro
451 3145 492 3210 D.
516 3146 683 3212 Henricho
705 3144 898 3228 Bullingero
919 3142 1073 3209 ecclesiae
1128 3143 1254 3211 Caluini
1275 3143 1379 3209 simus
1408 3143 1514 3224 unias,
1536 3143 1777 3227 qualescunque
1807 3165 1930 3220 sumus,
1962 3144 2032 3220 toti,
2062 3163 2100 3208 ac

273 3235 451 3318 'ligurinae
473 3233 623 3315 episcopo
646 3230 904 3314 vigilantissimo.
1127 3231 1308 3294 amicorum
1330 3229 1440 3294 omnia
1468 3241 1547 3294 sunt
1567 3230 1767 3307 communie,
1798 3229 1837 3294 ab
1866 3229 1922 3293 illo
1948 3249 2007 3311 per
2029 3230 2100 3292 eius

77 3393 81 3401 Ι
397 3339 401 3347 ·
736 3398 739 3400 q
1125 3313 1365 3379 humanitatem
1387 3314 1480 3381 facile
1503 3315 1766 3398 impetravimus,
1796 3324 1834 3378 ut
1860 3334 1921 3380 nos
1947 3336 2009 3379 usu
2036 3312 2099 3391 sibi

187 3407 222 3472 S.
259 3405 352 3486 Quae
382 3427 432 3469 res
461 3402 638 3468 secundum
663 3403 771 3466 Deum
793 3421 974 3484 puramque
1002 3401 1073 3467 eius
1125 3421 1276 3466 asserens
1297 3401 1357 3465 tibi
1379 3400 1473 3465 cedet
1490 3402 1726 3484 possessionem
1744 3401 1824 3474 iure,
1847 3421 1911 3481 quc
1929 3420 2098 3482 nunquam

101 3493 331 3577 cognitionem,
355 3492 406 3556 vir
424 3489 640 3564 ornatissime,
659 3488 753 3553 nobis
771 3487 913 3551 maxime
931 3486 1075 3569 optanda
1125 3507 1192 3550 non
1213 3495 1288 3551 tuos
1308 3485 1452 3551 babebis.
1965 3532 1968 3537 -

100 3595 187 3656 erat,
216 3591 253 3642 ut
273 3577 298 3642 ii
320 3576 481 3653 doctores,
512 3575 671 3657 aquibus
694 3572 854 3655 evangelii
878 3573 949 3637 lnce
972 3574 1074 3637 animi
1211 3571 1302 3636 Deus
1324 3573 1504 3636 communis
1527 3573 1561 3635 in
1585 3572 1717 3637 Christo
1739 3570 1816 3635 Iesu
1838 3568 1982 3635 fidelium
2005 3579 2099 3653 pater

102 3666 206 3732 nostri
241 3664 466 3738 illustrantur,
495 3669 528 3725 et
556 3660 716 3724 haberent
745 3678 804 3721 nos
832 3660 972 3722 filiorum
1003 3658 1073 3723 laco
1124 3668 1165 3735 te,
1191 3657 1241 3721 vir
1264 3657 1441 3739 plurimum
1464 3657 1558 3722 nobis
1580 3656 1792 3732 observande,
1819 3675 1878 3720 suo
1900 3656 2017 3719 honori
2041 3678 2097 3721 cu·

102 3763 136 3815 et
158 3761 267 3816 essent
288 3749 403 3830 cuique
425 3759 573 3812 nostrum
598 3756 632 3808 ιιι
654 3758 804 3825 parentes
826 3743 902 3821 cari,
925 3764 963 3807 ea
981 3745 1073 3808 nobis
1124 3741 1280 3807 mulando
1298 3743 1514 3824 ecclesiaeque
1533 3742 1770 3823 promovendae
1794 3762 1895 3823 usque
1915 3752 2024 3807 servet
2046 3743 2096 3803 in·

102 3837 233 3901 abunde
255 3858 274 3900 a
298 3835 363 3899 Deo
381 3832 456 3916 Opt.
477 3833 567 3897 Max.
591 3831 667 3895 data
688 3840 746 3894 est.
786 3829 961 3905 Hicenim
985 3843 1072 3911 post·
1123 3827 1292 3893 columem.
1330 3829 1486 3893 Genevae
1510 3831 1606 3894 nonis
1628 3826 1776 3895 octobris.

102 3943 236 4005 quame
259 3930 325 3984 tcto
352 3920 428 3985 orbe
458 3920 607 3983 collectos
635 3938 692 3980 nas
723 3917 756 3978 in
783 3935 876 3978 suam
900 3912 995 3978 fidem
1019 3937 1071 3980 ac·

101 4011 188 4091 cepit
209 4021 285 4072 tuus
306 4008 376 4071 sive
398 4007 505 4088 potius
527 4013 638 4069 noster
662 4001 825 4076 Calvinae,
858 4022 924 4063 non
946 3998 1072 4064 destitit

101 4094 157 4159 ille
180 4116 222 4159 ex
245 4113 308 4175 quc
330 4114 389 4156 nos
410 4094 446 4155 in
466 4090 598 4155 Christo
618 4088 745 4172 genuit,
775 4100 845 4151 tum
868 4086 930 4168 piis
952 4085 1071 4151 doctis·

102 4201 165 4264 qne
176 4180 245 4249 suis
267 4178 398 4260 scriptis
416 4194 484 4241 ιιιιιι
505 4176 604 4241 sacris
622 4173 662 4238 de
680 4181 835 4257 suggestu
853 4171 1071 4251 concionibus,

100 4265 289 4341 liberaliter,
322 4263 446 4346 prolixe
480 4272 654 4342 sancteque
688 4258 774 4323 alere
806 4268 840 4322 et
869 4258 1069 4322 confirmare.
1230 4256 1376 4321 Ministri
1390 4254 1594 4321 Genevensis
1611 4251 1922 4319 ecclesieecmnium
1941 4252 2092 4316 exsulum

100 4350 178 4433 Qua
200 4352 233 4414 in
252 4373 287 4414 rc
305 4365 341 4414 ut·
359 4358 391 4413 et
413 4350 446 4411 in
468 4348 611 4424 caeteris,
635 4345 697 4409 etsi
715 4343 865 4408 omnibus
884 4342 955 4423 aliis
973 4342 1070 4424 plane
1327 4340 1499 4407 Gallorum
1523 4341 1662 4404 nomine.

101 4437 275 4514 satisfacit,
309 4436 371 4500 sibi
403 4444 514 4498 tamen
546 4453 610 4496 non
644 4430 799 4494 satisfacit
831 4430 910 4512 ipse.
957 4428 1070 4510 Neque
1229 4426 1384 4492 Seniores
1416 4436 1449 4490 et
1481 4425 1608 4490 diaconi
1640 4424 1794 4490 eeclesiae
1826 4422 1959 4487 Italicae
1990 4423 2097 4487 totius

101 4530 192 4588 tanto
215 4534 345 4603 temque
367 4519 494 4585 ardenti
513 4540 550 4584 ec
567 4524 723 4600 perpetuo
744 4515 778 4579 in
797 4515 890 4580 nobis
912 4514 1069 4598 augendis
1326 4512 1480 4577 ecclesiae
1502 4512 1642 4575 nomine.

32 4659 36 4671 ,
97 4607 309 4672 sternendis
332 4604 439 4671 studia
469 4625 540 4668 sese
566 4603 668 4684 patris
695 4609 826 4684 putaret
847 4600 989 4665 officium
1012 4622 1069 4665 ex·
1229 4599 1373 4664 Ministri
1406 4598 1548 4662 seniores
1581 4604 1614 4659 at
1646 4594 1770 4661 diaconi
1806 4595 1906 4659 totius
1938 4592 2096 4658 ecclesiae

99 4694 250 4778 pieriae,
273 4694 335 4757 nisi
357 4711 553 4774 suaquaqae
569 4689 689 4752 virtute
707 4687 857 4755 efficeret,
879 4695 919 4749 ut
938 4694 1069 4768 propter
1327 4683 1527 4767 Anglicanae
1547 4683 1679 4746 nomine

102 4777 266 4844 Galaiaam
295 4777 334 4843 ed
366 4777 547 4852 ecclesiam,
582 4775 634 4838 cui
664 4794 727 4836 non
758 4772 828 4837 dico
857 4780 985 4854 praeest
1012 4771 1068 4836 sed
1788 4763 2005 4830 subscribunt.

100 4865 205 4930 servit
229 4863 387 4943 Calvinae,
417 4875 449 4927 et
479 4860 652 4926 amandam
675 4869 708 4923 et
736 4856 911 4921 iuvandam
934 4878 954 4921 a
974 4877 1067 4922 sanc·

89 4952 235 5016 -tissimis
256 4952 434 5032 quibusque
458 4945 639 5029 pastoribus
657 4944 806 5008 certatim
824 4945 917 5006 fieret
934 4961 1068 5006 concur·

99 5058 166 5102 sus.
203 5035 315 5101 Habes
335 5037 424 5099 enim
446 5032 647 5114 exploratum
673 5030 756 5093 hanc
778 5027 836 5092 abs
857 5039 890 5091 te
912 5028 1068 5090 familiam

100 5124 141 5186 cb
167 5120 250 5186 illud
276 5123 346 5186 eius
376 5120 526 5185 columen
554 5136 620 5179 nen
646 5115 751 5179 amari
772 5115 843 5179 sine
865 5112 970 5177 rivali.
1007 5115 1067 5175 At·

100 5229 162 5290 que
184 5215 223 5273 ut
243 5216 433 5290 pergratum
456 5213 514 5278 cst,
545 5201 645 5267 vestri
667 5201 704 5262 in
724 5210 894 5283 parentem
917 5206 1066 5262 nostram

206 5308 318 5363 Galaria
330 5321 423 5376 opera.
458 5302 520 5360 Vol.
539 5300 570 5356 X
574 5301 623 5356 Vl.

1583 3966 1613 4028 A
1661 3965 1743 4029 oseis

1388 4051 1453 4114 tuis
1474 4049 1571 4115 iussis
1593 3986 1826 4132 oblaquentem
1848 4046 1932 4112 hanc

1440 4157 1481 4199 ex
1504 4136 1685 4218 peregrinis
1707 4135 1887 4199 ecclesiam.
