<?xml version="1.0" encoding="UTF-8"?>
<!DOCTYPE html PUBLIC "-//W3C//DTD XHTML 1.0 Transitional//EN"
    "http://www.w3.org/TR/xhtml1/DTD/xhtml1-transitional.dtd">
<html xmlns="http://www.w3.org/1999/xhtml" xml:lang="en" lang="en">
 <head>
  <title>
</title>
<meta http-equiv="Content-Type" content="text/html;charset=utf-8" />
  <meta name='ocr-system' content='tesseract 3.04.00' />
  <meta name='ocr-capabilities' content='ocr_page ocr_carea ocr_par ocr_line ocrx_word'/>
</head>
<body>
  <div class='ocr_page' id='page_1' title='image "./ioanniscalvinio00reusgoog/ioanniscalvinio00reusgoog_0265.png"; bbox 0 0 4688 5902; ppageno 0'>
   <div class='ocr_carea' id='block_1_1' title="bbox 62 317 124 399">
    <p class='ocr_par' dir='ltr' id='par_1_1' title="bbox 62 317 124 399">
     <span class='ocr_line' id='line_1_1' title="bbox 62 317 124 399; baseline 0.032 -23"><span class='ocrx_word' id='word_1_1' title='bbox 62 317 124 399; x_wconf 81' lang='lat' dir='ltr'><strong>sae</strong></span> 
     </span>
    </p>
   </div>
   <div class='ocr_carea' id='block_1_2' title="bbox 59 505 1034 657">
    <p class='ocr_par' dir='ltr' id='par_1_2' title="bbox 59 505 1034 657">
     <span class='ocr_line' id='line_1_2' title="bbox 59 505 1034 575; baseline 0.001 -3"><span class='ocrx_word' id='word_1_2' title='bbox 59 517 195 572; x_wconf 87' lang='lat' dir='ltr'><strong>severet.</strong></span> <span class='ocrx_word' id='word_1_3' title='bbox 259 505 343 572; x_wconf 78' lang='lat' dir='ltr'><strong>Vale</strong></span> <span class='ocrx_word' id='word_1_4' title='bbox 383 516 415 571; x_wconf 89' lang='lat' dir='ltr'><strong>et</strong></span> <span class='ocrx_word' id='word_1_5' title='bbox 456 506 515 572; x_wconf 91' lang='lat' dir='ltr'><strong>hoo</strong></span> <span class='ocrx_word' id='word_1_6' title='bbox 556 509 630 573; x_wconf 91' lang='lat' dir='ltr'><strong>boni</strong></span> <span class='ocrx_word' id='word_1_7' title='bbox 670 509 811 574; x_wconf 88' lang='lat' dir='ltr'><strong>consule.</strong></span> <span class='ocrx_word' id='word_1_8' title='bbox 877 510 1034 575; x_wconf 88' lang='lat' dir='ltr'><strong>Neocomi</strong></span> 
     </span>
     <span class='ocr_line' id='line_1_3' title="bbox 60 592 731 657; baseline -0.013 0"><span class='ocrx_word' id='word_1_9' title='bbox 60 597 111 657; x_wconf 82' lang='lat'><strong>24.</strong></span> <span class='ocrx_word' id='word_1_10' title='bbox 133 592 225 657; x_wconf 89' lang='lat' dir='ltr'><strong>Iunii</strong></span> <span class='ocrx_word' id='word_1_11' title='bbox 251 596 340 656; x_wconf 79' lang='lat'><strong>1557.</strong></span> <span class='ocrx_word' id='word_1_12' title='bbox 730 612 731 615; x_wconf 41' lang='lat'>¹</span> 
     </span>
    </p>
   </div>
   <div class='ocr_carea' id='block_1_3' title="bbox 674 731 947 799">
    <p class='ocr_par' dir='ltr' id='par_1_3' title="bbox 674 731 947 799">
     <span class='ocr_line' id='line_1_4' title="bbox 674 731 947 799; baseline 0.007 -4"><span class='ocrx_word' id='word_1_13' title='bbox 674 732 764 796; x_wconf 76' lang='lat' dir='ltr'><strong>Tuus</strong></span> <span class='ocrx_word' id='word_1_14' title='bbox 786 731 947 799; x_wconf 78' lang='lat' dir='ltr'><strong>Farellus.</strong></span> 
     </span>
    </p>
   </div>
   <div class='ocr_carea' id='block_1_4' title="bbox 966 318 1236 386">
    <p class='ocr_par' dir='ltr' id='par_1_4' title="bbox 966 318 1236 386">
     <span class='ocr_line' id='line_1_5' title="bbox 966 318 1236 386; baseline 0.022 -5"><span class='ocrx_word' id='word_1_15' title='bbox 966 322 1047 382; x_wconf 78' lang='lat'>155⁷</span> <span class='ocrx_word' id='word_1_16' title='bbox 1069 318 1161 386; x_wconf 84' lang='lat' dir='ltr'><strong>IUN.</strong></span> <span class='ocrx_word' id='word_1_17' title='bbox 1233 381 1236 386; x_wconf 91' lang='lat'><strong>.</strong></span> 
     </span>
    </p>
   </div>
   <div class='ocr_carea' id='block_1_5' title="bbox 1995 332 2058 391">
    <p class='ocr_par' dir='ltr' id='par_1_5' title="bbox 1995 332 2058 391">
     <span class='ocr_line' id='line_1_6' title="bbox 1995 332 2058 391; baseline 0.032 -2"><span class='ocrx_word' id='word_1_18' title='bbox 1995 332 2058 391; x_wconf 75' lang='lat'><strong>530</strong></span> 
     </span>
    </p>
   </div>
   <div class='ocr_carea' id='block_1_6' title="bbox 1085 509 2060 842">
    <p class='ocr_par' dir='ltr' id='par_1_6' title="bbox 1085 509 2060 842">
     <span class='ocr_line' id='line_1_7' title="bbox 1086 509 2060 593; baseline 0.008 -19"><span class='ocrx_word' id='word_1_19' title='bbox 1086 509 1310 574; x_wconf 76' lang='lat' dir='ltr'><strong>amarulentis.</strong></span> <span class='ocrx_word' id='word_1_20' title='bbox 1356 509 1442 574; x_wconf 92' lang='lat' dir='ltr'><strong>Nam</strong></span> <span class='ocrx_word' id='word_1_21' title='bbox 1464 532 1506 575; x_wconf 88' lang='lat' dir='ltr'><strong>ex</strong></span> <span class='ocrx_word' id='word_1_22' title='bbox 1527 530 1590 592; x_wconf 85' lang='lat' dir='ltr'><strong>quo</strong></span> <span class='ocrx_word' id='word_1_23' title='bbox 1613 513 1762 593; x_wconf 79' lang='lat' dir='ltr'>permisit</span> <span class='ocrx_word' id='word_1_24' title='bbox 1784 513 1924 581; x_wconf 81' lang='lat' dir='ltr'><strong>Girordo</strong></span> <span class='ocrx_word' id='word_1_25' title='bbox 1941 536 2000 582; x_wconf 91' lang='lat' dir='ltr'><strong>suo</strong></span> <span class='ocrx_word' id='word_1_26' title='bbox 2023 517 2060 582; x_wconf 91' lang='lat' dir='ltr'><strong>in</strong></span> 
     </span>
     <span class='ocr_line' id='line_1_8' title="bbox 1085 593 2057 680; baseline 0.01 -22"><span class='ocrx_word' id='word_1_27' title='bbox 1085 615 1145 658; x_wconf 85' lang='lat' dir='ltr'><strong>noe</strong></span> <span class='ocrx_word' id='word_1_28' title='bbox 1168 593 1338 670; x_wconf 78' lang='lat' dir='ltr'>blaterare,</span> <span class='ocrx_word' id='word_1_29' title='bbox 1372 597 1442 678; x_wconf 87' lang='lat' dir='ltr'><strong>ipse</strong></span> <span class='ocrx_word' id='word_1_30' title='bbox 1464 596 1563 661; x_wconf 89' lang='lat' dir='ltr'><strong>etiam</strong></span> <span class='ocrx_word' id='word_1_31' title='bbox 1585 597 1694 662; x_wconf 87' lang='lat' dir='ltr'><strong>foedas</strong></span> <span class='ocrx_word' id='word_1_32' title='bbox 1724 598 1903 680; x_wconf 82' lang='lat' dir='ltr'><strong>calumnias</strong></span> <span class='ocrx_word' id='word_1_33' title='bbox 1933 601 1969 665; x_wconf 92' lang='lat' dir='ltr'><strong>in</strong></span> <span class='ocrx_word' id='word_1_34' title='bbox 1998 622 2057 668; x_wconf 88' lang='lat' dir='ltr'><strong>noe</strong></span> 
     </span>
     <span class='ocr_line' id='line_1_9' title="bbox 1085 680 2059 765; baseline 0.007 -20"><span class='ocrx_word' id='word_1_35' title='bbox 1085 680 1239 759; x_wconf 87' lang='lat' dir='ltr'><strong>evomuit,</strong></span> <span class='ocrx_word' id='word_1_36' title='bbox 1268 700 1328 762; x_wconf 87' lang='lat' dir='ltr'><strong>pro</strong></span> <span class='ocrx_word' id='word_1_37' title='bbox 1350 680 1467 763; x_wconf 91' lang='lat' dir='ltr'><strong>quibus</strong></span> <span class='ocrx_word' id='word_1_38' title='bbox 1488 682 1572 746; x_wconf 83' lang='lat' dir='ltr'><strong>forte</strong></span> <span class='ocrx_word' id='word_1_39' title='bbox 1602 703 1699 765; x_wconf 91' lang='lat' dir='ltr'><strong>quam</strong></span> <span class='ocrx_word' id='word_1_40' title='bbox 1726 685 1865 749; x_wconf 87' lang='lat' dir='ltr'><strong>meritus</strong></span> <span class='ocrx_word' id='word_1_41' title='bbox 1893 695 1944 751; x_wconf 90' lang='lat' dir='ltr'><strong>est</strong></span> <span class='ocrx_word' id='word_1_42' title='bbox 1971 688 2059 759; x_wconf 51' lang='lat' dir='ltr'><strong>mer&amp;</strong></span> 
     </span>
     <span class='ocr_line' id='line_1_10' title="bbox 1085 765 2058 842; baseline 0.01 -11"><span class='ocrx_word' id='word_1_43' title='bbox 1085 765 1196 832; x_wconf 90' lang='lat' dir='ltr'><strong>oedem</strong></span> <span class='ocrx_word' id='word_1_44' title='bbox 1218 784 1328 830; x_wconf 88' lang='lat' dir='ltr'><strong>coram</strong></span> <span class='ocrx_word' id='word_1_45' title='bbox 1349 766 1473 832; x_wconf 92' lang='lat' dir='ltr'><strong>mundo</strong></span> <span class='ocrx_word' id='word_1_46' title='bbox 1493 768 1628 832; x_wconf 84' lang='lat' dir='ltr'><strong>referet:</strong></span> <span class='ocrx_word' id='word_1_47' title='bbox 1658 776 1744 833; x_wconf 87' lang='lat' dir='ltr'><strong>certe</strong></span> <span class='ocrx_word' id='word_1_48' title='bbox 1766 789 1872 835; x_wconf 86' lang='lat' dir='ltr'><strong>coram</strong></span> <span class='ocrx_word' id='word_1_49' title='bbox 1897 769 1969 836; x_wconf 91' lang='lat' dir='ltr'><strong>Deo</strong></span> <span class='ocrx_word' id='word_1_50' title='bbox 1992 793 2058 842; x_wconf 88' lang='lat' dir='ltr'><strong>non</strong></span> 
     </span>
    </p>
   </div>
   <div class='ocr_carea' id='block_1_7' title="bbox 1003 850 2057 935">
    <p class='ocr_par' dir='ltr' id='par_1_7' title="bbox 1003 850 2057 935">
     <span class='ocr_line' id='line_1_11' title="bbox 1003 850 2057 935; baseline 0.009 -21"><span class='ocrx_word' id='word_1_51' title='bbox 1003 850 1008 859; x_wconf 78' lang='grc'><strong>’</strong></span> <span class='ocrx_word' id='word_1_52' title='bbox 1085 852 1221 934; x_wconf 90' lang='lat' dir='ltr'><strong>impune</strong></span> <span class='ocrx_word' id='word_1_53' title='bbox 1243 851 1337 916; x_wconf 89' lang='lat' dir='ltr'><strong>cedet</strong></span> <span class='ocrx_word' id='word_1_54' title='bbox 1365 857 1458 917; x_wconf 85' lang='lat' dir='ltr'><strong>tanta</strong></span> <span class='ocrx_word' id='word_1_55' title='bbox 1486 852 1686 935; x_wconf 79' lang='lat' dir='ltr'><strong>improbitas.</strong></span> <span class='ocrx_word' id='word_1_56' title='bbox 1730 854 1856 920; x_wconf 86' lang='lat' dir='ltr'><strong>Eodem</strong></span> <span class='ocrx_word' id='word_1_57' title='bbox 1884 857 1952 921; x_wconf 87' lang='lat' dir='ltr'><strong>fere</strong></span> <span class='ocrx_word' id='word_1_58' title='bbox 1975 865 2057 923; x_wconf 90' lang='lat' dir='ltr'><strong>tem·</strong></span> 
     </span>
    </p>
   </div>
   <div class='ocr_carea' id='block_1_8' title="bbox 285 1331 810 1568">
    <p class='ocr_par' dir='ltr' id='par_1_8' title="bbox 285 1331 810 1568">
     <span class='ocr_line' id='line_1_12' title="bbox 498 1331 597 1401; baseline 0 -1"><span class='ocrx_word' id='word_1_59' title='bbox 498 1331 597 1401; x_wconf 73' lang='lat' dir='ltr'><strong>atel.</strong></span> 
     </span>
     <span class='ocr_line' id='line_1_13' title="bbox 285 1484 810 1568; baseline -0.006 -17"><span class='ocrx_word' id='word_1_60' title='bbox 285 1484 521 1553; x_wconf 77' lang='lat' dir='ltr'><strong>osnvmus</strong></span> <span class='ocrx_word' id='word_1_61' title='bbox 545 1486 810 1568; x_wconf 71' lang='lat' dir='ltr'><strong>ociossuo.</strong></span> 
     </span>
    </p>
   </div>
   <div class='ocr_carea' id='block_1_9' title="bbox 58 1655 1033 1911">
    <p class='ocr_par' dir='ltr' id='par_1_9' title="bbox 58 1655 1033 1911">
     <span class='ocr_line' id='line_1_14' title="bbox 148 1655 1033 1739; baseline 0.003 -19"><span class='ocrx_word' id='word_1_62' title='bbox 148 1655 197 1720; x_wconf 81' lang='lat' dir='ltr'><strong>De</strong></span> <span class='ocrx_word' id='word_1_63' title='bbox 229 1656 367 1724; x_wconf 78' lang='lat' dir='ltr'><strong>Toeaoao</strong></span> <span class='ocrx_word' id='word_1_64' title='bbox 395 1659 538 1739; x_wconf 53' lang='lat' dir='ltr'><strong>pacetur</strong></span> <span class='ocrx_word' id='word_1_65' title='bbox 566 1658 657 1723; x_wconf 77' lang='lat' dir='ltr'><strong>euius</strong></span> <span class='ocrx_word' id='word_1_66' title='bbox 685 1658 843 1723; x_wconf 74' lang='lat' dir='ltr'><strong>militiam</strong></span> <span class='ocrx_word' id='word_1_67' title='bbox 865 1657 939 1722; x_wconf 85' lang='lat' dir='ltr'><strong>olim</strong></span> <span class='ocrx_word' id='word_1_68' title='bbox 966 1661 1033 1725; x_wconf 78' lang='lat' dir='ltr'><strong>iam</strong></span> 
     </span>
     <span class='ocr_line' id='line_1_15' title="bbox 58 1742 1033 1911; baseline 0.004 -106"><span class='ocrx_word' id='word_1_69' title='bbox 58 1746 237 1911; x_wconf 48' lang='lat' dir='ltr'><strong>:garwam</strong></span> <span class='ocrx_word' id='word_1_70' title='bbox 254 1742 370 1823; x_wconf 81' lang='lat' dir='ltr'><strong>babuit,</strong></span> <span class='ocrx_word' id='word_1_71' title='bbox 387 1744 544 1810; x_wconf 85' lang='lat' dir='ltr'><strong>molitiem</strong></span> <span class='ocrx_word' id='word_1_72' title='bbox 554 1764 636 1810; x_wconf 79' lang='lat' dir='ltr'><strong>auno</strong></span> <span class='ocrx_word' id='word_1_73' title='bbox 653 1744 776 1809; x_wconf 62' lang='lat' dir='ltr'><strong>eoem</strong></span> <span class='ocrx_word' id='word_1_74' title='bbox 786 1742 948 1825; x_wconf 78' lang='lat' dir='ltr'><strong><em>proditam</em></strong></span> <span class='ocrx_word' id='word_1_75' title='bbox 960 1765 1033 1826; x_wconf 83' lang='lat' dir='ltr'><strong>per-</strong></span> 
     </span>
    </p>
   </div>
   <div class='ocr_carea' id='block_1_10' title="bbox 60 1999 1033 2276">
    <p class='ocr_par' dir='ltr' id='par_1_10' title="bbox 61 1999 1032 2070">
     <span class='ocr_line' id='line_1_16' title="bbox 61 1999 1032 2070; baseline 0.002 -17"><span class='ocrx_word' id='word_1_76' title='bbox 61 2001 223 2069; x_wconf 79' lang='lat' dir='ltr'><strong>(Exemplar</strong></span> <span class='ocrx_word' id='word_1_77' title='bbox 240 1999 425 2053; x_wconf 83' lang='lat' dir='ltr'><strong>authenticum</strong></span> <span class='ocrx_word' id='word_1_78' title='bbox 449 2016 503 2053; x_wconf 92' lang='lat' dir='ltr'><strong>non</strong></span> <span class='ocrx_word' id='word_1_79' title='bbox 521 2016 587 2053; x_wconf 88' lang='lat' dir='ltr'><strong>vero</strong></span> <span class='ocrx_word' id='word_1_80' title='bbox 604 1999 789 2070; x_wconf 77' lang='lat' dir='ltr'><strong>autographon</strong></span> <span class='ocrx_word' id='word_1_81' title='bbox 813 2006 904 2054; x_wconf 86' lang='lat' dir='ltr'><strong>exstat</strong></span> <span class='ocrx_word' id='word_1_82' title='bbox 920 2002 949 2054; x_wconf 92' lang='lat' dir='ltr'><strong>in</strong></span> <span class='ocrx_word' id='word_1_83' title='bbox 967 2001 1032 2055; x_wconf 85' lang='lat' dir='ltr'><strong>Ood.</strong></span> 
     </span>
    </p>

    <p class='ocr_par' dir='ltr' id='par_1_11' title="bbox 60 2067 1031 2139">
     <span class='ocr_line' id='line_1_17' title="bbox 60 2067 1031 2139; baseline -0.001 -16"><span class='ocrx_word' id='word_1_84' title='bbox 60 2068 162 2123; x_wconf 74' lang='lat' dir='ltr'><strong>Gener.</strong></span> <span class='ocrx_word' id='word_1_85' title='bbox 192 2067 263 2130; x_wconf 71' lang='lat'><strong>107⁵,</strong></span> <span class='ocrx_word' id='word_1_86' title='bbox 280 2070 325 2124; x_wconf 82' lang='lat' dir='ltr'><strong>iol.</strong></span> <span class='ocrx_word' id='word_1_87' title='bbox 344 2067 403 2122; x_wconf 86' lang='grc'>163.</span> <span class='ocrx_word' id='word_1_88' title='bbox 438 2069 597 2122; x_wconf 73' lang='grc' dir='ltr'>Τιιιιθιίιιιιε</span> <span class='ocrx_word' id='word_1_89' title='bbox 615 2069 760 2139; x_wconf 85' lang='lat' dir='ltr'><strong>descripsit</strong></span> <span class='ocrx_word' id='word_1_90' title='bbox 777 2068 841 2123; x_wconf 88' lang='lat' dir='ltr'><strong>Cod.</strong></span> <span class='ocrx_word' id='word_1_91' title='bbox 859 2068 918 2135; x_wconf 81' lang='lat'><strong>108,</strong></span> <span class='ocrx_word' id='word_1_92' title='bbox 936 2070 981 2123; x_wconf 80' lang='lat' dir='ltr'><strong>fol.</strong></span> <span class='ocrx_word' id='word_1_93' title='bbox 999 2069 1031 2122; x_wconf 88' lang='grc'><strong>91</strong></span> 
     </span>
    </p>

    <p class='ocr_par' dir='ltr' id='par_1_12' title="bbox 60 2137 1033 2276">
     <span class='ocr_line' id='line_1_18' title="bbox 60 2137 1033 2218; baseline 0.001 -27"><span class='ocrx_word' id='word_1_94' title='bbox 60 2155 94 2191; x_wconf 89' lang='lat' dir='ltr'><strong>ex</strong></span> <span class='ocrx_word' id='word_1_95' title='bbox 114 2154 168 2207; x_wconf 88' lang='lat' dir='ltr'><strong>quo</strong></span> <span class='ocrx_word' id='word_1_96' title='bbox 185 2139 339 2193; x_wconf 88' lang='lat' dir='ltr'><strong>derivatum</strong></span> <span class='ocrx_word' id='word_1_97' title='bbox 361 2143 404 2191; x_wconf 86' lang='lat' dir='ltr'><strong>est</strong></span> <span class='ocrx_word' id='word_1_98' title='bbox 425 2138 563 2218; x_wconf 84' lang='lat' dir='ltr'><strong>exemplar</strong></span> <span class='ocrx_word' id='word_1_99' title='bbox 582 2138 718 2192; x_wconf 87' lang='lat' dir='ltr'><strong>Beruense</strong></span> <span class='ocrx_word' id='word_1_100' title='bbox 736 2139 805 2207; x_wconf 76' lang='lat' dir='ltr'><strong>Epp.</strong></span> <span class='ocrx_word' id='word_1_101' title='bbox 825 2137 875 2195; x_wconf 87' lang='lat' dir='ltr'><strong>VI.</strong></span> <span class='ocrx_word' id='word_1_102' title='bbox 894 2157 920 2208; x_wconf 87' lang='lat' dir='ltr'><strong>p.</strong></span> <span class='ocrx_word' id='word_1_103' title='bbox 936 2137 988 2192; x_wconf 75' lang='lat'><strong>728</strong></span> <span class='ocrx_word' id='word_1_104' title='bbox 1005 2145 1033 2192; x_wconf 88' lang='lat' dir='ltr'><strong>et</strong></span> 
     </span>
     <span class='ocr_line' id='line_1_19' title="bbox 354 2205 829 2276; baseline -0.004 -16"><span class='ocrx_word' id='word_1_105' title='bbox 354 2208 470 2276; x_wconf 90' lang='lat' dir='ltr'><strong>deniqne</strong></span> <span class='ocrx_word' id='word_1_106' title='bbox 489 2207 597 2260; x_wconf 88' lang='lat' dir='ltr'><strong>Srmleri</strong></span> <span class='ocrx_word' id='word_1_107' title='bbox 615 2207 671 2260; x_wconf 91' lang='lat' dir='ltr'><strong>Vol.</strong></span> <span class='ocrx_word' id='word_1_108' title='bbox 690 2205 743 2267; x_wconf 82' lang='lat'><strong>89.)</strong></span> <span class='ocrx_word' id='word_1_109' title='bbox 796 2257 829 2273; x_wconf 33' lang='grc' dir='ltr'>Ἢ</span> 
     </span>
    </p>
   </div>
   <div class='ocr_carea' id='block_1_11' title="bbox 59 2377 1033 2616">
    <p class='ocr_par' dir='ltr' id='par_1_13' title="bbox 59 2377 1033 2616">
     <span class='ocr_line' id='line_1_20' title="bbox 59 2377 1032 2462; baseline 0 -18"><span class='ocrx_word' id='word_1_110' title='bbox 59 2379 213 2444; x_wconf 82' lang='lat' dir='ltr'>Eximiae</span> <span class='ocrx_word' id='word_1_111' title='bbox 233 2379 364 2462; x_wconf 87' lang='lat' dir='ltr'><strong>pietatis</strong></span> <span class='ocrx_word' id='word_1_112' title='bbox 387 2386 419 2442; x_wconf 91' lang='lat' dir='ltr'><strong>et</strong></span> <span class='ocrx_word' id='word_1_113' title='bbox 442 2377 606 2445; x_wconf 85' lang='lat' dir='ltr'><strong>doctrinae</strong></span> <span class='ocrx_word' id='word_1_114' title='bbox 627 2379 699 2443; x_wconf 86' lang='lat' dir='ltr'><strong>viro</strong></span> <span class='ocrx_word' id='word_1_115' title='bbox 722 2377 763 2441; x_wconf 91' lang='lat' dir='ltr'><strong>D.</strong></span> <span class='ocrx_word' id='word_1_116' title='bbox 778 2380 921 2444; x_wconf 84' lang='lat' dir='ltr'><strong>Antonio</strong></span> <span class='ocrx_word' id='word_1_117' title='bbox 943 2379 1032 2459; x_wconf 79' lang='lat' dir='ltr'><strong>Qua·</strong></span> 
     </span>
     <span class='ocr_line' id='line_1_21' title="bbox 60 2463 1033 2549; baseline 0.001 -22"><span class='ocrx_word' id='word_1_118' title='bbox 60 2463 154 2529; x_wconf 90' lang='lat' dir='ltr'><strong>drato</strong></span> <span class='ocrx_word' id='word_1_119' title='bbox 175 2464 387 2530; x_wconf 82' lang='lat' dir='ltr'><strong>illustrissimi</strong></span> <span class='ocrx_word' id='word_1_120' title='bbox 404 2465 560 2548; x_wconf 87' lang='lat' dir='ltr'><strong>principis</strong></span> <span class='ocrx_word' id='word_1_121' title='bbox 582 2463 719 2548; x_wconf 79' lang='lat' dir='ltr'><strong>Georgii</strong></span> <span class='ocrx_word' id='word_1_122' title='bbox 730 2463 1033 2549; x_wconf 89' lang='lat' dir='ltr'><strong>Wirtenbergensis</strong></span> 
     </span>
     <span class='ocr_line' id='line_1_22' title="bbox 174 2548 917 2616; baseline 0.003 -3"><span class='ocrx_word' id='word_1_123' title='bbox 174 2550 356 2614; x_wconf 88' lang='lat' dir='ltr'><strong>consiliario</strong></span> <span class='ocrx_word' id='word_1_124' title='bbox 379 2550 483 2615; x_wconf 87' lang='lat' dir='ltr'><strong>amico</strong></span> <span class='ocrx_word' id='word_1_125' title='bbox 505 2560 538 2616; x_wconf 90' lang='lat' dir='ltr'><strong>et</strong></span> <span class='ocrx_word' id='word_1_126' title='bbox 559 2549 655 2614; x_wconf 84' lang='lat' dir='ltr'><strong>fratri</strong></span> <span class='ocrx_word' id='word_1_127' title='bbox 677 2569 753 2614; x_wconf 87' lang='lat' dir='ltr'><strong>vere</strong></span> <span class='ocrx_word' id='word_1_128' title='bbox 775 2548 917 2616; x_wconf 87' lang='lat' dir='ltr'><strong>colendo.</strong></span> 
     </span>
    </p>
   </div>
   <div class='ocr_carea' id='block_1_12' title="bbox 56 2720 1034 4692">
    <p class='ocr_par' dir='ltr' id='par_1_14' title="bbox 56 2720 1034 4692">
     <span class='ocr_line' id='line_1_23' title="bbox 146 2720 1032 2808; baseline 0.002 -22"><span class='ocrx_word' id='word_1_129' title='bbox 146 2720 181 2786; x_wconf 77' lang='lat' dir='ltr'><strong>S.</strong></span> <span class='ocrx_word' id='word_1_130' title='bbox 216 2721 271 2785; x_wconf 89' lang='lat' dir='ltr'><strong>Me</strong></span> <span class='ocrx_word' id='word_1_131' title='bbox 293 2743 382 2798; x_wconf 87' lang='lat' dir='ltr'><strong>vero,</strong></span> <span class='ocrx_word' id='word_1_132' title='bbox 407 2744 448 2785; x_wconf 80' lang='lat' dir='ltr'><strong>ex</strong></span> <span class='ocrx_word' id='word_1_133' title='bbox 469 2743 532 2804; x_wconf 88' lang='lat' dir='ltr'><strong>quo</strong></span> <span class='ocrx_word' id='word_1_134' title='bbox 555 2721 765 2786; x_wconf 89' lang='lat' dir='ltr'><strong>suavissimas</strong></span> <span class='ocrx_word' id='word_1_135' title='bbox 787 2728 861 2785; x_wconf 88' lang='lat' dir='ltr'><strong>tuas</strong></span> <span class='ocrx_word' id='word_1_136' title='bbox 882 2722 995 2788; x_wconf 84' lang='lat' dir='ltr'><strong>literae</strong></span> <span class='ocrx_word' id='word_1_137' title='bbox 1009 2723 1032 2808; x_wconf 85' lang='lat'><strong>¹)</strong></span> 
     </span>
     <span class='ocr_line' id='line_1_24' title="bbox 60 2804 1032 2890; baseline 0.003 -19"><span class='ocrx_word' id='word_1_138' title='bbox 60 2808 187 2889; x_wconf 90' lang='lat' dir='ltr'><strong>accepi,</strong></span> <span class='ocrx_word' id='word_1_139' title='bbox 220 2827 312 2871; x_wconf 89' lang='lat' dir='ltr'><strong>meae</strong></span> <span class='ocrx_word' id='word_1_140' title='bbox 343 2806 508 2872; x_wconf 72' lang='lat' dir='ltr'><strong>tarditatis</strong></span> <span class='ocrx_word' id='word_1_141' title='bbox 540 2807 710 2890; x_wconf 92' lang='lat' dir='ltr'><strong>poenituit,</strong></span> <span class='ocrx_word' id='word_1_142' title='bbox 742 2804 830 2889; x_wconf 92' lang='lat' dir='ltr'><strong>quod</strong></span> <span class='ocrx_word' id='word_1_143' title='bbox 863 2828 930 2872; x_wconf 93' lang='lat' dir='ltr'><strong>non</strong></span> <span class='ocrx_word' id='word_1_144' title='bbox 957 2808 1032 2874; x_wconf 88' lang='lat' dir='ltr'><strong>illas</strong></span> 
     </span>
     <span class='ocr_line' id='line_1_25' title="bbox 59 2890 1031 2976; baseline 0.001 -18"><span class='ocrx_word' id='word_1_145' title='bbox 59 2893 157 2958; x_wconf 91' lang='lat' dir='ltr'><strong>citius</strong></span> <span class='ocrx_word' id='word_1_146' title='bbox 179 2892 294 2958; x_wconf 90' lang='lat' dir='ltr'><strong>elicere</strong></span> <span class='ocrx_word' id='word_1_147' title='bbox 310 2901 531 2958; x_wconf 78' lang='lat' dir='ltr'><strong>tentaveram.</strong></span> <span class='ocrx_word' id='word_1_148' title='bbox 574 2890 702 2957; x_wconf 79' lang='lat' dir='ltr'><strong>Verum</strong></span> <span class='ocrx_word' id='word_1_149' title='bbox 730 2901 781 2957; x_wconf 90' lang='lat' dir='ltr'><strong>sat</strong></span> <span class='ocrx_word' id='word_1_150' title='bbox 810 2893 874 2958; x_wconf 88' lang='lat' dir='ltr'><strong>oito</strong></span> <span class='ocrx_word' id='word_1_151' title='bbox 903 2893 1031 2976; x_wconf 91' lang='lat' dir='ltr'><strong>quaudo</strong></span> 
     </span>
     <span class='ocr_line' id='line_1_26' title="bbox 59 2976 1032 3063; baseline 0.001 -20"><span class='ocrx_word' id='word_1_152' title='bbox 59 2989 111 3044; x_wconf 89' lang='lat' dir='ltr'><strong>sat</strong></span> <span class='ocrx_word' id='word_1_153' title='bbox 134 2976 225 3043; x_wconf 92' lang='lat' dir='ltr'><strong>bene.</strong></span> <span class='ocrx_word' id='word_1_154' title='bbox 270 2978 355 3043; x_wconf 90' lang='lat' dir='ltr'><strong>Nam</strong></span> <span class='ocrx_word' id='word_1_155' title='bbox 384 2979 461 3060; x_wconf 90' lang='lat' dir='ltr'><strong>quia</strong></span> <span class='ocrx_word' id='word_1_156' title='bbox 487 3001 528 3044; x_wconf 86' lang='lat' dir='ltr'><strong>ex</strong></span> <span class='ocrx_word' id='word_1_157' title='bbox 557 2978 662 3043; x_wconf 88' lang='lat' dir='ltr'><strong>literis</strong></span> <span class='ocrx_word' id='word_1_158' title='bbox 689 2977 755 3042; x_wconf 89' lang='lat' dir='ltr'><strong>tuis</strong></span> <span class='ocrx_word' id='word_1_159' title='bbox 782 2978 939 3063; x_wconf 83' lang='lat' dir='ltr'><strong>intelligo,</strong></span> <span class='ocrx_word' id='word_1_160' title='bbox 966 3001 1032 3044; x_wconf 92' lang='lat' dir='ltr'><strong>non</strong></span> 
     </span>
     <span class='ocr_line' id='line_1_27' title="bbox 58 3063 1033 3147; baseline 0.002 -18"><span class='ocrx_word' id='word_1_161' title='bbox 58 3063 271 3147; x_wconf 89' lang='lat' dir='ltr'><strong>poenitendos</strong></span> <span class='ocrx_word' id='word_1_162' title='bbox 302 3065 338 3129; x_wconf 90' lang='lat' dir='ltr'><strong>in</strong></span> <span class='ocrx_word' id='word_1_163' title='bbox 370 3066 492 3147; x_wconf 84' lang='lat' dir='ltr'><strong>pietate</strong></span> <span class='ocrx_word' id='word_1_164' title='bbox 520 3072 553 3129; x_wconf 90' lang='lat' dir='ltr'><strong>ot</strong></span> <span class='ocrx_word' id='word_1_165' title='bbox 580 3063 693 3140; x_wconf 88' lang='lat' dir='ltr'><strong>literis,</strong></span> <span class='ocrx_word' id='word_1_166' title='bbox 729 3085 770 3128; x_wconf 85' lang='lat' dir='ltr'><strong>ex</strong></span> <span class='ocrx_word' id='word_1_167' title='bbox 804 3085 867 3147; x_wconf 91' lang='lat' dir='ltr'><strong>quo</strong></span> <span class='ocrx_word' id='word_1_168' title='bbox 900 3071 934 3129; x_wconf 89' lang='lat' dir='ltr'><strong>te</strong></span> <span class='ocrx_word' id='word_1_169' title='bbox 967 3087 1033 3131; x_wconf 93' lang='lat' dir='ltr'><strong>non</strong></span> 
     </span>
     <span class='ocr_line' id='line_1_28' title="bbox 58 3150 1033 3234; baseline 0.001 -20"><span class='ocrx_word' id='word_1_170' title='bbox 58 3150 137 3229; x_wconf 88' lang='lat' dir='ltr'><strong>vidi,</strong></span> <span class='ocrx_word' id='word_1_171' title='bbox 149 3154 176 3226; x_wconf 80' lang='lat'><strong>²)</strong></span> <span class='ocrx_word' id='word_1_172' title='bbox 203 3170 395 3234; x_wconf 85' lang='lat' dir='ltr'><strong>progressus</strong></span> <span class='ocrx_word' id='word_1_173' title='bbox 423 3151 547 3229; x_wconf 86' lang='lat' dir='ltr'><strong>fecisse,</strong></span> <span class='ocrx_word' id='word_1_174' title='bbox 581 3159 613 3214; x_wconf 90' lang='lat' dir='ltr'><strong>ct</strong></span> <span class='ocrx_word' id='word_1_175' title='bbox 640 3151 760 3214; x_wconf 87' lang='lat' dir='ltr'><strong>amoris</strong></span> <span class='ocrx_word' id='word_1_176' title='bbox 789 3170 852 3231; x_wconf 94' lang='lat' dir='ltr'><strong>quo</strong></span> <span class='ocrx_word' id='word_1_177' title='bbox 881 3173 933 3216; x_wconf 91' lang='lat' dir='ltr'><strong>me</strong></span> <span class='ocrx_word' id='word_1_178' title='bbox 955 3150 1033 3215; x_wconf 92' lang='lat' dir='ltr'><strong>olim</strong></span> 
     </span>
     <span class='ocr_line' id='line_1_29' title="bbox 60 3234 1032 3319; baseline -0.001 -17"><span class='ocrx_word' id='word_1_179' title='bbox 60 3236 250 3319; x_wconf 80' lang='lat' dir='ltr'><strong>complexus</strong></span> <span class='ocrx_word' id='word_1_180' title='bbox 271 3256 306 3301; x_wconf 91' lang='lat' dir='ltr'><strong>es</strong></span> <span class='ocrx_word' id='word_1_181' title='bbox 328 3238 526 3301; x_wconf 89' lang='lat' dir='ltr'><strong>memoriam·</strong></span> <span class='ocrx_word' id='word_1_182' title='bbox 541 3234 680 3300; x_wconf 86' lang='lat' dir='ltr'><strong>fideliter</strong></span> <span class='ocrx_word' id='word_1_183' title='bbox 706 3234 812 3301; x_wconf 89' lang='lat' dir='ltr'><strong>adhuc</strong></span> <span class='ocrx_word' id='word_1_184' title='bbox 841 3235 955 3316; x_wconf 89' lang='lat' dir='ltr'><strong>colere,</strong></span> <span class='ocrx_word' id='word_1_185' title='bbox 984 3237 1032 3302; x_wconf 86' lang='lat' dir='ltr'><strong>ia·</strong></span> 
     </span>
     <span class='ocr_line' id='line_1_30' title="bbox 60 3320 1032 3405; baseline 0.002 -19"><span class='ocrx_word' id='word_1_186' title='bbox 60 3320 123 3386; x_wconf 90' lang='lat' dir='ltr'><strong>cile</strong></span> <span class='ocrx_word' id='word_1_187' title='bbox 155 3322 267 3405; x_wconf 80' lang='lat' dir='ltr'><strong>exigui</strong></span> <span class='ocrx_word' id='word_1_188' title='bbox 298 3322 454 3405; x_wconf 87' lang='lat' dir='ltr'><strong>temporis</strong></span> <span class='ocrx_word' id='word_1_189' title='bbox 487 3323 646 3387; x_wconf 85' lang='lat' dir='ltr'><strong>iacturam</strong></span> <span class='ocrx_word' id='word_1_190' title='bbox 676 3323 833 3387; x_wconf 90' lang='lat' dir='ltr'><strong>momoria</strong></span> <span class='ocrx_word' id='word_1_191' title='bbox 865 3322 946 3386; x_wconf 86' lang='lat' dir='ltr'><strong>haec</strong></span> <span class='ocrx_word' id='word_1_192' title='bbox 977 3324 1032 3388; x_wconf 93' lang='lat' dir='ltr'><strong>ob·</strong></span> 
     </span>
     <span class='ocr_line' id='line_1_31' title="bbox 58 3406 1032 3490; baseline 0.002 -20"><span class='ocrx_word' id='word_1_193' title='bbox 58 3406 180 3472; x_wconf 89' lang='lat' dir='ltr'><strong>literat.</strong></span> <span class='ocrx_word' id='word_1_194' title='bbox 228 3408 333 3472; x_wconf 90' lang='lat' dir='ltr'><strong>Porro</strong></span> <span class='ocrx_word' id='word_1_195' title='bbox 370 3407 488 3472; x_wconf 90' lang='lat' dir='ltr'><strong>doloris</strong></span> <span class='ocrx_word' id='word_1_196' title='bbox 520 3409 584 3471; x_wconf 91' lang='lat' dir='ltr'><strong>mei</strong></span> <span class='ocrx_word' id='word_1_197' title='bbox 617 3428 731 3475; x_wconf 89' lang='lat' dir='ltr'><strong>causas</strong></span> <span class='ocrx_word' id='word_1_198' title='bbox 764 3428 865 3490; x_wconf 90' lang='lat' dir='ltr'><strong>quum</strong></span> <span class='ocrx_word' id='word_1_199' title='bbox 897 3408 956 3473; x_wconf 90' lang='lat' dir='ltr'><strong>tibi</strong></span> <span class='ocrx_word' id='word_1_200' title='bbox 983 3410 1032 3472; x_wconf 92' lang='lat' dir='ltr'><strong>vi·</strong></span> 
     </span>
     <span class='ocr_line' id='line_1_32' title="bbox 60 3492 1034 3578; baseline 0.001 -21"><span class='ocrx_word' id='word_1_201' title='bbox 60 3492 156 3557; x_wconf 90' lang='lat' dir='ltr'><strong>deam</strong></span> <span class='ocrx_word' id='word_1_202' title='bbox 178 3514 242 3557; x_wconf 92' lang='lat' dir='ltr'><strong>non</strong></span> <span class='ocrx_word' id='word_1_203' title='bbox 266 3514 336 3558; x_wconf 90' lang='lat' dir='ltr'><strong>esse</strong></span> <span class='ocrx_word' id='word_1_204' title='bbox 365 3493 561 3578; x_wconf 78' lang='lat' dir='ltr'><strong>incognitas,</strong></span> <span class='ocrx_word' id='word_1_205' title='bbox 593 3492 736 3557; x_wconf 90' lang='lat' dir='ltr'><strong>breviter</strong></span> <span class='ocrx_word' id='word_1_206' title='bbox 765 3493 926 3577; x_wconf 87' lang='lat' dir='ltr'><strong>attingam</strong></span> <span class='ocrx_word' id='word_1_207' title='bbox 948 3493 1034 3576; x_wconf 89' lang='lat' dir='ltr'><strong>quod</strong></span> 
     </span>
     <span class='ocr_line' id='line_1_33' title="bbox 59 3577 1032 3664; baseline 0.002 -22"><span class='ocrx_word' id='word_1_208' title='bbox 59 3577 266 3644; x_wconf 88' lang='lat' dir='ltr'><strong>dissimulare</strong></span> <span class='ocrx_word' id='word_1_209' title='bbox 288 3579 471 3664; x_wconf 88' lang='lat' dir='ltr'><strong>ingenuum</strong></span> <span class='ocrx_word' id='word_1_210' title='bbox 494 3600 560 3643; x_wconf 90' lang='lat' dir='ltr'><strong>non</strong></span> <span class='ocrx_word' id='word_1_211' title='bbox 582 3587 677 3643; x_wconf 88' lang='lat' dir='ltr'><strong>esset.</strong></span> <span class='ocrx_word' id='word_1_212' title='bbox 721 3578 763 3642; x_wconf 92' lang='lat' dir='ltr'><strong>In</strong></span> <span class='ocrx_word' id='word_1_213' title='bbox 784 3578 880 3651; x_wconf 76' lang='lat' dir='ltr'><strong>ill0³r</strong></span> <span class='ocrx_word' id='word_1_214' title='bbox 902 3587 1032 3644; x_wconf 89' lang='lat' dir='ltr'><strong>tantum</strong></span> 
     </span>
     <span class='ocr_line' id='line_1_34' title="bbox 60 3664 1031 3747; baseline 0.001 -19"><span class='ocrx_word' id='word_1_215' title='bbox 60 3672 95 3728; x_wconf 89' lang='lat' dir='ltr'><strong>et</strong></span> <span class='ocrx_word' id='word_1_216' title='bbox 140 3664 272 3729; x_wconf 86' lang='lat' dir='ltr'><strong>erfidiae</strong></span> <span class='ocrx_word' id='word_1_217' title='bbox 294 3676 327 3730; x_wconf 90' lang='lat' dir='ltr'><strong>et</strong></span> <span class='ocrx_word' id='word_1_218' title='bbox 349 3665 544 3730; x_wconf 85' lang='lat' dir='ltr'><strong>virulentiae</strong></span> <span class='ocrx_word' id='word_1_219' title='bbox 573 3686 643 3730; x_wconf 85' lang='lat' dir='ltr'><strong>esse</strong></span> <span class='ocrx_word' id='word_1_220' title='bbox 665 3684 834 3745; x_wconf 88' lang='lat' dir='ltr'><strong>nunquam</strong></span> <span class='ocrx_word' id='word_1_221' title='bbox 856 3673 1031 3747; x_wconf 86' lang='lat' dir='ltr'><strong>putassem.</strong></span> 
     </span>
     <span class='ocr_line' id='line_1_35' title="bbox 60 3686 1032 3833; baseline 0.002 -19"><span class='ocrx_word' id='word_1_222' title='bbox 60 3686 220 3815; x_wconf 83' lang='lat' dir='ltr'><strong>Mollities</strong></span> <span class='ocrx_word' id='word_1_223' title='bbox 260 3750 402 3816; x_wconf 89' lang='lat' dir='ltr'><strong>hominis</strong></span> <span class='ocrx_word' id='word_1_224' title='bbox 441 3772 570 3833; x_wconf 89' lang='lat' dir='ltr'><strong>semper</strong></span> <span class='ocrx_word' id='word_1_225' title='bbox 602 3751 694 3815; x_wconf 91' lang='lat' dir='ltr'><strong>bonis</strong></span> <span class='ocrx_word' id='word_1_226' title='bbox 728 3747 838 3814; x_wconf 90' lang='lat' dir='ltr'><strong>odiosa</strong></span> <span class='ocrx_word' id='word_1_227' title='bbox 876 3749 954 3827; x_wconf 83' lang='lat' dir='ltr'><strong>luit,</strong></span> <span class='ocrx_word' id='word_1_228' title='bbox 995 3771 1032 3816; x_wconf 89' lang='lat' dir='ltr'><strong>ao</strong></span> 
     </span>
     <span class='ocr_line' id='line_1_36' title="bbox 59 3834 1032 3920; baseline 0.004 -22"><span class='ocrx_word' id='word_1_229' title='bbox 59 3835 223 3919; x_wconf 92' lang='lat' dir='ltr'><strong>plerisque</strong></span> <span class='ocrx_word' id='word_1_230' title='bbox 254 3834 294 3900; x_wconf 86' lang='lat' dir='ltr'><strong>sd</strong></span> <span class='ocrx_word' id='word_1_231' title='bbox 323 3837 489 3920; x_wconf 88' lang='lat' dir='ltr'><strong>ignaviam</strong></span> <span class='ocrx_word' id='word_1_232' title='bbox 514 3835 665 3902; x_wconf 89' lang='lat' dir='ltr'><strong>accedere</strong></span> <span class='ocrx_word' id='word_1_233' title='bbox 690 3836 759 3900; x_wconf 87' lang='lat' dir='ltr'><strong>visa</strong></span> <span class='ocrx_word' id='word_1_234' title='bbox 787 3844 844 3900; x_wconf 88' lang='lat' dir='ltr'><strong>est.</strong></span> <span class='ocrx_word' id='word_1_235' title='bbox 889 3836 1032 3902; x_wconf 88' lang='lat' dir='ltr'><strong>Interior</strong></span> 
     </span>
     <span class='ocr_line' id='line_1_37' title="bbox 59 3920 1030 4005; baseline 0.002 -21"><span class='ocrx_word' id='word_1_236' title='bbox 59 3921 187 3985; x_wconf 89' lang='lat' dir='ltr'><strong>malitia</strong></span> <span class='ocrx_word' id='word_1_237' title='bbox 219 3943 317 4005; x_wconf 90' lang='lat' dir='ltr'><strong>quam</strong></span> <span class='ocrx_word' id='word_1_238' title='bbox 350 3920 491 4005; x_wconf 86' lang='lat' dir='ltr'><strong>prodidit</strong></span> <span class='ocrx_word' id='word_1_239' title='bbox 531 3922 611 3986; x_wconf 82' lang='lat' dir='ltr'><strong>milri</strong></span> <span class='ocrx_word' id='word_1_240' title='bbox 651 3930 802 4004; x_wconf 87' lang='lat' dir='ltr'><strong>suspecta</strong></span> <span class='ocrx_word' id='word_1_241' title='bbox 841 3943 905 3986; x_wconf 94' lang='lat' dir='ltr'><strong>non</strong></span> <span class='ocrx_word' id='word_1_242' title='bbox 946 3930 1030 3987; x_wconf 86' lang='lat' dir='ltr'><strong>erat:</strong></span> 
     </span>
     <span class='ocr_line' id='line_1_38' title="bbox 57 4006 1030 4090; baseline 0 -18"><span class='ocrx_word' id='word_1_243' title='bbox 57 4007 152 4072; x_wconf 89' lang='lat' dir='ltr'><strong>cuius</strong></span> <span class='ocrx_word' id='word_1_244' title='bbox 186 4006 246 4074; x_wconf 90' lang='lat' dir='ltr'><strong>hoc</strong></span> <span class='ocrx_word' id='word_1_245' title='bbox 279 4008 444 4090; x_wconf 75' lang='lat' dir='ltr'><strong>specimen</strong></span> <span class='ocrx_word' id='word_1_246' title='bbox 477 4007 619 4073; x_wconf 88' lang='lat' dir='ltr'><strong>arbitror</strong></span> <span class='ocrx_word' id='word_1_247' title='bbox 655 4028 720 4071; x_wconf 93' lang='lat' dir='ltr'><strong>non</strong></span> <span class='ocrx_word' id='word_1_248' title='bbox 754 4008 927 4073; x_wconf 79' lang='lat' dir='ltr'><strong>obscurum</strong></span> <span class='ocrx_word' id='word_1_249' title='bbox 960 4028 1030 4073; x_wconf 90' lang='lat' dir='ltr'><strong>esse</strong></span> 
     </span>
     <span class='ocr_line' id='line_1_39' title="bbox 57 4091 1030 4179; baseline 0 -22"><span class='ocrx_word' id='word_1_250' title='bbox 57 4091 144 4176; x_wconf 91' lang='lat' dir='ltr'><strong>quod</strong></span> <span class='ocrx_word' id='word_1_251' title='bbox 167 4093 322 4159; x_wconf 86' lang='lat' dir='ltr'><strong>fratribus</strong></span> <span class='ocrx_word' id='word_1_252' title='bbox 345 4095 413 4159; x_wconf 86' lang='lat' dir='ltr'><strong>eius</strong></span> <span class='ocrx_word' id='word_1_253' title='bbox 431 4102 548 4179; x_wconf 87' lang='lat' dir='ltr'><strong>rogatu</strong></span> <span class='ocrx_word' id='word_1_254' title='bbox 571 4115 590 4157; x_wconf 91' lang='lat' dir='ltr'><strong>a</strong></span> <span class='ocrx_word' id='word_1_255' title='bbox 611 4114 663 4158; x_wconf 91' lang='lat' dir='ltr'><strong>me</strong></span> <span class='ocrx_word' id='word_1_256' title='bbox 692 4091 819 4175; x_wconf 89' lang='lat' dir='ltr'><strong>pridem</strong></span> <span class='ocrx_word' id='word_1_257' title='bbox 848 4094 955 4159; x_wconf 87' lang='lat' dir='ltr'><strong>missis</strong></span> <span class='ocrx_word' id='word_1_258' title='bbox 978 4114 1030 4158; x_wconf 92' lang='lat' dir='ltr'><strong>ca-</strong></span> 
     </span>
     <span class='ocr_line' id='line_1_40' title="bbox 58 4177 1031 4263; baseline 0.002 -21"><span class='ocrx_word' id='word_1_259' title='bbox 58 4178 207 4263; x_wconf 88' lang='lat' dir='ltr'><strong>pitaliter</strong></span> <span class='ocrx_word' id='word_1_260' title='bbox 235 4180 382 4244; x_wconf 87' lang='lat' dir='ltr'><strong>infensus</strong></span> <span class='ocrx_word' id='word_1_261' title='bbox 405 4201 446 4244; x_wconf 86' lang='lat' dir='ltr'><strong>nc</strong></span> <span class='ocrx_word' id='word_1_262' title='bbox 468 4181 567 4245; x_wconf 90' lang='lat' dir='ltr'><strong>verbo</strong></span> <span class='ocrx_word' id='word_1_263' title='bbox 597 4177 728 4261; x_wconf 90' lang='lat' dir='ltr'><strong>quidem</strong></span> <span class='ocrx_word' id='word_1_264' title='bbox 752 4200 805 4243; x_wconf 90' lang='lat' dir='ltr'><strong>me</strong></span> <span class='ocrx_word' id='word_1_265' title='bbox 827 4181 963 4257; x_wconf 90' lang='lat' dir='ltr'><strong>monuit,</strong></span> <span class='ocrx_word' id='word_1_266' title='bbox 993 4189 1031 4244; x_wconf 92' lang='lat' dir='ltr'><strong>nt</strong></span> 
     </span>
     <span class='ocr_line' id='line_1_41' title="bbox 57 4264 1030 4347; baseline 0.001 -18"><span class='ocrx_word' id='word_1_267' title='bbox 57 4265 87 4329; x_wconf 88' lang='lat' dir='ltr'><strong>ei</strong></span> <span class='ocrx_word' id='word_1_268' title='bbox 119 4264 197 4347; x_wconf 88' lang='lat' dir='ltr'><strong>quid</strong></span> <span class='ocrx_word' id='word_1_269' title='bbox 230 4275 315 4331; x_wconf 87' lang='lat' dir='ltr'><strong>esset</strong></span> <span class='ocrx_word' id='word_1_270' title='bbox 348 4266 418 4330; x_wconf 90' lang='lat' dir='ltr'><strong>vitii</strong></span> <span class='ocrx_word' id='word_1_271' title='bbox 455 4265 635 4331; x_wconf 89' lang='lat' dir='ltr'><strong>remedium</strong></span> <span class='ocrx_word' id='word_1_272' title='bbox 675 4264 835 4329; x_wconf 88' lang='lat' dir='ltr'><strong>afferrem.</strong></span> <span class='ocrx_word' id='word_1_273' title='bbox 890 4265 1030 4330; x_wconf 89' lang='lat' dir='ltr'><strong>Biennio</strong></span> 
     </span>
     <span class='ocr_line' id='line_1_42' title="bbox 58 4350 1029 4430; baseline 0.003 -17"><span class='ocrx_word' id='word_1_274' title='bbox 58 4358 126 4415; x_wconf 88' lang='lat' dir='ltr'><strong>toto</strong></span> <span class='ocrx_word' id='word_1_275' title='bbox 161 4373 224 4415; x_wconf 92' lang='lat' dir='ltr'><strong>uon</strong></span> <span class='ocrx_word' id='word_1_276' title='bbox 255 4350 380 4416; x_wconf 86' lang='lat' dir='ltr'><strong>destitit</strong></span> <span class='ocrx_word' id='word_1_277' title='bbox 407 4372 509 4417; x_wconf 90' lang='lat' dir='ltr'><strong>novas</strong></span> <span class='ocrx_word' id='word_1_278' title='bbox 539 4350 675 4417; x_wconf 91' lang='lat' dir='ltr'><strong>subinde</strong></span> <span class='ocrx_word' id='word_1_279' title='bbox 704 4351 871 4416; x_wconf 88' lang='lat' dir='ltr'><strong>molestias</strong></span> <span class='ocrx_word' id='word_1_280' title='bbox 900 4352 1029 4430; x_wconf 82' lang='lat' dir='ltr'><strong>inferro,</strong></span> 
     </span>
     <span class='ocr_line' id='line_1_43' title="bbox 57 4435 1029 4514; baseline 0.001 -14"><span class='ocrx_word' id='word_1_281' title='bbox 57 4435 161 4502; x_wconf 89' lang='lat' dir='ltr'><strong>donec</strong></span> <span class='ocrx_word' id='word_1_282' title='bbox 195 4437 326 4503; x_wconf 87' lang='lat' dir='ltr'><strong>tandem</strong></span> <span class='ocrx_word' id='word_1_283' title='bbox 356 4438 494 4502; x_wconf 85' lang='lat' dir='ltr'><strong>eliceret.</strong></span> <span class='ocrx_word' id='word_1_284' title='bbox 551 4435 604 4502; x_wconf 87' lang='lat' dir='ltr'><strong>Ad</strong></span> <span class='ocrx_word' id='word_1_285' title='bbox 636 4456 689 4501; x_wconf 91' lang='lat' dir='ltr'><strong>me</strong></span> <span class='ocrx_word' id='word_1_286' title='bbox 722 4436 847 4501; x_wconf 92' lang='lat' dir='ltr'><strong>nullum</strong></span> <span class='ocrx_word' id='word_1_287' title='bbox 881 4437 1029 4514; x_wconf 90' lang='lat' dir='ltr'><strong>verbum,</strong></span> 
     </span>
     <span class='ocr_line' id='line_1_44' title="bbox 56 4521 1030 4607; baseline -0.001 -18"><span class='ocrx_word' id='word_1_288' title='bbox 56 4522 151 4589; x_wconf 86' lang='lat' dir='ltr'><strong>ouius</strong></span> <span class='ocrx_word' id='word_1_289' title='bbox 174 4523 295 4588; x_wconf 87' lang='lat' dir='ltr'><strong>solebat</strong></span> <span class='ocrx_word' id='word_1_290' title='bbox 317 4544 388 4589; x_wconf 86' lang='lat' dir='ltr'><strong>esse</strong></span> <span class='ocrx_word' id='word_1_291' title='bbox 410 4532 519 4607; x_wconf 89' lang='lat' dir='ltr'><strong>partes</strong></span> <span class='ocrx_word' id='word_1_292' title='bbox 548 4522 723 4587; x_wconf 88' lang='lat' dir='ltr'><strong>intestinas</strong></span> <span class='ocrx_word' id='word_1_293' title='bbox 751 4522 825 4587; x_wconf 90' lang='lat' dir='ltr'><strong>illas</strong></span> <span class='ocrx_word' id='word_1_294' title='bbox 854 4521 1030 4588; x_wconf 80' lang='lat' dir='ltr'><strong>discordias</strong></span> 
     </span>
     <span class='ocr_line' id='line_1_45' title="bbox 59 4606 1030 4692; baseline 0.002 -20"><span class='ocrx_word' id='word_1_295' title='bbox 59 4609 112 4674; x_wconf 89' lang='lat' dir='ltr'><strong>vel</strong></span> <span class='ocrx_word' id='word_1_296' title='bbox 135 4629 328 4692; x_wconf 91' lang='lat' dir='ltr'><strong>componere</strong></span> <span class='ocrx_word' id='word_1_297' title='bbox 351 4610 402 4674; x_wconf 92' lang='lat' dir='ltr'><strong>vel</strong></span> <span class='ocrx_word' id='word_1_298' title='bbox 425 4610 548 4675; x_wconf 89' lang='lat' dir='ltr'><strong>sedare.</strong></span> <span class='ocrx_word' id='word_1_299' title='bbox 593 4606 739 4672; x_wconf 76' lang='lat' dir='ltr'><strong>Tandem</strong></span> <span class='ocrx_word' id='word_1_300' title='bbox 762 4609 870 4689; x_wconf 89' lang='lat' dir='ltr'><strong>erupit</strong></span> <span class='ocrx_word' id='word_1_301' title='bbox 891 4608 1030 4674; x_wconf 88' lang='lat' dir='ltr'><strong>crudelis</strong></span> 
     </span>
    </p>
   </div>
   <div class='ocr_carea' id='block_1_13' title="bbox 62 4883 1029 5091">
    <p class='ocr_par' dir='ltr' id='par_1_15' title="bbox 62 4883 1029 5091">
     <span class='ocr_line' id='line_1_46' title="bbox 62 4883 406 4952; baseline -0.003 -14"><span class='ocrx_word' id='word_1_302' title='bbox 62 4884 156 4939; x_wconf 72' lang='lat'><strong>2654.</strong></span> <span class='ocrx_word' id='word_1_303' title='bbox 168 4883 194 4947; x_wconf 92' lang='grc'><strong>1)</strong></span> <span class='ocrx_word' id='word_1_304' title='bbox 216 4883 256 4952; x_wconf 74' lang='lat' dir='ltr'><strong>Cf.</strong></span> <span class='ocrx_word' id='word_1_305' title='bbox 276 4884 312 4938; x_wconf 88' lang='lat' dir='ltr'><strong>N.</strong></span> <span class='ocrx_word' id='word_1_306' title='bbox 330 4883 406 4938; x_wconf 77' lang='lat'><strong>2637.</strong></span> 
     </span>
     <span class='ocr_line' id='line_1_47' title="bbox 159 4952 1029 5091; baseline -0.005 -14"><span class='ocrx_word' id='word_1_307' title='bbox 159 4953 189 5090; x_wconf 58' lang='lat' dir='ltr'><strong>{l</strong></span> <span class='ocrx_word' id='word_1_308' title='bbox 206 4952 325 5091; x_wconf 55' lang='lat' dir='ltr'><strong>gn&#39;lnidrii</strong></span> <span class='ocrx_word' id='word_1_309' title='bbox 346 5024 507 5091; x_wconf 70' lang='lat' dir='ltr'><strong>scripserat:</strong></span> <span class='ocrx_word' id='word_1_310' title='bbox 537 5021 671 5088; x_wconf 72' lang='lat' dir='ltr'><strong>Temeno,</strong></span> <span class='ocrx_word' id='word_1_311' title='bbox 700 5033 753 5088; x_wconf 77' lang='lat' dir='ltr'><strong>quo</strong></span> <span class='ocrx_word' id='word_1_312' title='bbox 776 5018 859 5072; x_wconf 79' lang='lat' dir='ltr'><strong>deleto</strong></span> <span class='ocrx_word' id='word_1_313' title='bbox 881 5033 1029 5085; x_wconf 77' lang='lat' dir='ltr'><strong>pronomen</strong></span> 
     </span>
    </p>
   </div>
   <div class='ocr_carea' id='block_1_14' title="bbox 54 5157 1028 5388">
    <p class='ocr_par' dir='ltr' id='par_1_16' title="bbox 54 5157 1028 5388">
     <span class='ocr_line' id='line_1_48' title="bbox 54 5157 1028 5229; baseline -0.006 -14"><span class='ocrx_word' id='word_1_314' title='bbox 54 5162 155 5215; x_wconf 72' lang='grc' dir='ltr'>ηιιιειι.</span> <span class='ocrx_word' id='word_1_315' title='bbox 187 5169 322 5216; x_wconf 56' lang='lat' dir='ltr'><strong>curteum</strong></span> <span class='ocrx_word' id='word_1_316' title='bbox 343 5162 522 5229; x_wconf 72' lang='lat' dir='ltr'><strong>proferantur</strong></span> <span class='ocrx_word' id='word_1_317' title='bbox 545 5159 591 5215; x_wconf 75' lang='grc' dir='ltr'><strong>ιιι</strong></span> <span class='ocrx_word' id='word_1_318' title='bbox 607 5157 740 5214; x_wconf 78' lang='lat' dir='ltr'><strong>nonnullo</strong></span> <span class='ocrx_word' id='word_1_319' title='bbox 756 5172 825 5226; x_wconf 77' lang='lat' dir='ltr'><strong>quoe</strong></span> <span class='ocrx_word' id='word_1_320' title='bbox 842 5173 894 5226; x_wconf 81' lang='lat' dir='ltr'><strong>quo</strong></span> <span class='ocrx_word' id='word_1_321' title='bbox 911 5163 1028 5224; x_wconf 78' lang='lat' dir='ltr'><strong>spectent</strong></span> 
     </span>
     <span class='ocr_line' id='line_1_49' title="bbox 54 5228 397 5300; baseline -0.012 -15"><span class='ocrx_word' id='word_1_322' title='bbox 54 5245 113 5285; x_wconf 82' lang='lat' dir='ltr'><strong>aon</strong></span> <span class='ocrx_word' id='word_1_323' title='bbox 131 5231 195 5285; x_wconf 77' lang='lat' dir='ltr'><strong>bene</strong></span> <span class='ocrx_word' id='word_1_324' title='bbox 210 5228 397 5300; x_wconf 76' lang='lat' dir='ltr'><strong>perspicimus.</strong></span> 
     </span>
     <span class='ocr_line' id='line_1_50' title="bbox 163 5315 566 5388; baseline 0.005 -18"><span class='ocrx_word' id='word_1_325' title='bbox 163 5315 272 5372; x_wconf 65' lang='lat' dir='ltr'><strong>eareat</strong></span> <span class='ocrx_word' id='word_1_326' title='bbox 286 5332 378 5388; x_wconf 77' lang='lat' dir='ltr'><strong>opero.</strong></span> <span class='ocrx_word' id='word_1_327' title='bbox 410 5318 467 5374; x_wconf 87' lang='lat' dir='ltr'><strong>Vol.</strong></span> <span class='ocrx_word' id='word_1_328' title='bbox 483 5317 566 5373; x_wconf 84' lang='lat' dir='ltr'><strong>XVI.</strong></span> 
     </span>
    </p>
   </div>
   <div class='ocr_carea' id='block_1_15' title="bbox 1083 936 2060 2219">
    <p class='ocr_par' dir='ltr' id='par_1_17' title="bbox 1083 936 2060 2219">
     <span class='ocr_line' id='line_1_51' title="bbox 1084 936 2060 1022; baseline 0.008 -21"><span class='ocrx_word' id='word_1_329' title='bbox 1084 957 1162 1019; x_wconf 89' lang='lat' dir='ltr'><strong>pore</strong></span> <span class='ocrx_word' id='word_1_330' title='bbox 1184 958 1248 1020; x_wconf 93' lang='lat' dir='ltr'><strong>quo</strong></span> <span class='ocrx_word' id='word_1_331' title='bbox 1265 938 1359 1002; x_wconf 90' lang='lat' dir='ltr'><strong>venit</strong></span> <span class='ocrx_word' id='word_1_332' title='bbox 1378 936 1595 1004; x_wconf 86' lang='lat' dir='ltr'><strong>illustrissimi</strong></span> <span class='ocrx_word' id='word_1_333' title='bbox 1605 938 1767 1022; x_wconf 90' lang='lat' dir='ltr'><strong>Principis</strong></span> <span class='ocrx_word' id='word_1_334' title='bbox 1788 942 1937 1020; x_wconf 87' lang='lat' dir='ltr'><strong>nuncius,</strong></span> <span class='ocrx_word' id='word_1_335' title='bbox 1958 941 2060 1009; x_wconf 87' lang='lat' dir='ltr'><strong>allato</strong></span> 
     </span>
     <span class='ocr_line' id='line_1_52' title="bbox 1085 1021 2058 1106; baseline 0.009 -22"><span class='ocrx_word' id='word_1_336' title='bbox 1085 1021 1192 1091; x_wconf 83' lang='lat' dir='ltr'><strong>iuerat</strong></span> <span class='ocrx_word' id='word_1_337' title='bbox 1227 1021 1363 1088; x_wconf 78' lang='lat' dir='ltr'><strong>Girardi</strong></span> <span class='ocrx_word' id='word_1_338' title='bbox 1392 1023 1443 1090; x_wconf 91' lang='lat' dir='ltr'><strong>vel</strong></span> <span class='ocrx_word' id='word_1_339' title='bbox 1479 1025 1614 1090; x_wconf 78' lang='lat' dir='ltr'><strong>Yoosoai</strong></span> <span class='ocrx_word' id='word_1_340' title='bbox 1646 1032 1759 1089; x_wconf 87' lang='lat' dir='ltr'><strong>contra</strong></span> <span class='ocrx_word' id='word_1_341' title='bbox 1793 1046 1846 1091; x_wconf 92' lang='lat' dir='ltr'><strong>me</strong></span> <span class='ocrx_word' id='word_1_342' title='bbox 1883 1027 2058 1106; x_wconf 79' lang='lat' dir='ltr'><strong>invectiva,</strong></span> 
     </span>
     <span class='ocr_line' id='line_1_53' title="bbox 1085 1107 2057 1190; baseline 0.007 -19"><span class='ocrx_word' id='word_1_343' title='bbox 1085 1127 1167 1190; x_wconf 88' lang='lat' dir='ltr'><strong>quae</strong></span> <span class='ocrx_word' id='word_1_344' title='bbox 1187 1107 1271 1172; x_wconf 87' lang='lat' dir='ltr'><strong>milri</strong></span> <span class='ocrx_word' id='word_1_345' title='bbox 1293 1108 1498 1174; x_wconf 91' lang='lat' dir='ltr'><strong>stomachum</strong></span> <span class='ocrx_word' id='word_1_346' title='bbox 1526 1118 1683 1174; x_wconf 88' lang='lat' dir='ltr'><strong>moverat.</strong></span> <span class='ocrx_word' id='word_1_347' title='bbox 1729 1112 1801 1177; x_wconf 81' lang='lat' dir='ltr'><strong>Etsi</strong></span> <span class='ocrx_word' id='word_1_348' title='bbox 1832 1121 1941 1177; x_wconf 87' lang='lat' dir='ltr'><strong>autem</strong></span> <span class='ocrx_word' id='word_1_349' title='bbox 1969 1115 2057 1179; x_wconf 88' lang='lat' dir='ltr'><strong>refu·</strong></span> 
     </span>
     <span class='ocr_line' id='line_1_54' title="bbox 1084 1192 2056 1280; baseline 0.008 -24"><span class='ocrx_word' id='word_1_350' title='bbox 1084 1193 1207 1258; x_wconf 88' lang='lat' dir='ltr'><strong>tatione</strong></span> <span class='ocrx_word' id='word_1_351' title='bbox 1228 1192 1365 1276; x_wconf 88' lang='lat' dir='ltr'><strong>indigna</strong></span> <span class='ocrx_word' id='word_1_352' title='bbox 1394 1203 1465 1259; x_wconf 89' lang='lat' dir='ltr'><strong>erat</strong></span> <span class='ocrx_word' id='word_1_353' title='bbox 1492 1194 1568 1259; x_wconf 87' lang='lat' dir='ltr'><strong>talis</strong></span> <span class='ocrx_word' id='word_1_354' title='bbox 1596 1195 1774 1273; x_wconf 86' lang='lat' dir='ltr'><strong>insulsitas,</strong></span> <span class='ocrx_word' id='word_1_355' title='bbox 1802 1199 1916 1280; x_wconf 88' lang='lat' dir='ltr'><strong>putavi</strong></span> <span class='ocrx_word' id='word_1_356' title='bbox 1944 1206 2056 1264; x_wconf 89' lang='lat' dir='ltr'><strong>tamen</strong></span> 
     </span>
     <span class='ocr_line' id='line_1_55' title="bbox 1085 1278 2060 1368; baseline 0.007 -26"><span class='ocrx_word' id='word_1_357' title='bbox 1085 1278 1264 1345; x_wconf 89' lang='lat' dir='ltr'><strong>monendos</strong></span> <span class='ocrx_word' id='word_1_358' title='bbox 1282 1280 1390 1362; x_wconf 89' lang='lat' dir='ltr'><strong>aliquo</strong></span> <span class='ocrx_word' id='word_1_359' title='bbox 1408 1280 1557 1364; x_wconf 85' lang='lat' dir='ltr'><strong>exemplo</strong></span> <span class='ocrx_word' id='word_1_360' title='bbox 1576 1302 1655 1356; x_wconf 87' lang='lat' dir='ltr'><strong>esse,</strong></span> <span class='ocrx_word' id='word_1_361' title='bbox 1674 1303 1715 1347; x_wconf 90' lang='lat' dir='ltr'><strong>ne</strong></span> <span class='ocrx_word' id='word_1_362' title='bbox 1733 1282 1767 1346; x_wconf 92' lang='lat' dir='ltr'><strong>in</strong></span> <span class='ocrx_word' id='word_1_363' title='bbox 1786 1304 1846 1348; x_wconf 88' lang='lat' dir='ltr'><strong>sua</strong></span> <span class='ocrx_word' id='word_1_364' title='bbox 1863 1284 2060 1368; x_wconf 28' lang='lat' dir='ltr'><strong>intemperie,</strong></span> 
     </span>
     <span class='ocr_line' id='line_1_56' title="bbox 1084 1363 2056 1451; baseline 0.007 -23"><span class='ocrx_word' id='word_1_365' title='bbox 1084 1378 1230 1448; x_wconf 82' lang='lat' dir='ltr'><strong>pergant.</strong></span> <span class='ocrx_word' id='word_1_366' title='bbox 1274 1363 1385 1447; x_wconf 76' lang='lat' dir='ltr'><strong>Ille,⁴)</strong></span> <span class='ocrx_word' id='word_1_367' title='bbox 1407 1376 1445 1429; x_wconf 91' lang='lat' dir='ltr'><strong>ut</strong></span> <span class='ocrx_word' id='word_1_368' title='bbox 1465 1366 1571 1443; x_wconf 93' lang='lat' dir='ltr'><strong>audio,</strong></span> <span class='ocrx_word' id='word_1_369' title='bbox 1593 1367 1780 1451; x_wconf 86' lang='lat' dir='ltr'><strong>Principem</strong></span> <span class='ocrx_word' id='word_1_370' title='bbox 1798 1367 2056 1434; x_wconf 88' lang='lat' dir='ltr'><strong>illustrissimum</strong></span> 
     </span>
     <span class='ocr_line' id='line_1_57' title="bbox 1085 1450 2055 1532; baseline 0.006 -19"><span class='ocrx_word' id='word_1_371' title='bbox 1085 1471 1172 1515; x_wconf 92' lang='lat' dir='ltr'><strong>nunc</strong></span> <span class='ocrx_word' id='word_1_372' title='bbox 1201 1459 1358 1532; x_wconf 87' lang='lat' dir='ltr'><strong>sequutus</strong></span> <span class='ocrx_word' id='word_1_373' title='bbox 1392 1460 1442 1514; x_wconf 89' lang='lat' dir='ltr'><strong>est</strong></span> <span class='ocrx_word' id='word_1_374' title='bbox 1474 1450 1514 1514; x_wconf 91' lang='lat' dir='ltr'><strong>ad</strong></span> <span class='ocrx_word' id='word_1_375' title='bbox 1542 1462 1742 1516; x_wconf 87' lang='lat' dir='ltr'><strong>conventum</strong></span> <span class='ocrx_word' id='word_1_376' title='bbox 1765 1453 2055 1520; x_wconf 89' lang='lat' dir='ltr'><strong>Wormaciensem.</strong></span> 
     </span>
     <span class='ocr_line' id='line_1_58' title="bbox 1084 1535 2056 1624; baseline 0.005 -24"><span class='ocrx_word' id='word_1_377' title='bbox 1084 1535 1156 1601; x_wconf 91' lang='lat' dir='ltr'><strong>Nisi</strong></span> <span class='ocrx_word' id='word_1_378' title='bbox 1178 1536 1248 1617; x_wconf 88' lang='lat' dir='ltr'><strong>ipso</strong></span> <span class='ocrx_word' id='word_1_379' title='bbox 1270 1545 1399 1600; x_wconf 90' lang='lat' dir='ltr'><strong>mature</strong></span> <span class='ocrx_word' id='word_1_380' title='bbox 1416 1539 1613 1618; x_wconf 88' lang='lat' dir='ltr'><strong>proterviam</strong></span> <span class='ocrx_word' id='word_1_381' title='bbox 1636 1558 1727 1602; x_wconf 87' lang='lat' dir='ltr'><strong>suam</strong></span> <span class='ocrx_word' id='word_1_382' title='bbox 1746 1541 1896 1624; x_wconf 84' lang='lat' dir='ltr'><strong>corrigat,</strong></span> <span class='ocrx_word' id='word_1_383' title='bbox 1919 1550 1952 1605; x_wconf 88' lang='lat' dir='ltr'><strong>et</strong></span> <span class='ocrx_word' id='word_1_384' title='bbox 1970 1561 2056 1605; x_wconf 94' lang='lat' dir='ltr'><strong>com·</strong></span> 
     </span>
     <span class='ocr_line' id='line_1_59' title="bbox 1084 1620 2056 1708; baseline 0.006 -24"><span class='ocrx_word' id='word_1_385' title='bbox 1084 1631 1194 1702; x_wconf 85' lang='lat' dir='ltr'><strong>poscat</strong></span> <span class='ocrx_word' id='word_1_386' title='bbox 1215 1620 1358 1687; x_wconf 90' lang='lat' dir='ltr'><strong>sodalem</strong></span> <span class='ocrx_word' id='word_1_387' title='bbox 1378 1643 1472 1687; x_wconf 91' lang='lat' dir='ltr'><strong>snum</strong></span> <span class='ocrx_word' id='word_1_388' title='bbox 1488 1622 1673 1698; x_wconf 81' lang='lat' dir='ltr'><strong>Girordam,</strong></span> <span class='ocrx_word' id='word_1_389' title='bbox 1696 1624 1751 1687; x_wconf 90' lang='lat' dir='ltr'><strong>ubi</strong></span> <span class='ocrx_word' id='word_1_390' title='bbox 1771 1624 1857 1707; x_wconf 90' lang='lat' dir='ltr'><strong>apud</strong></span> <span class='ocrx_word' id='word_1_391' title='bbox 1867 1626 2056 1708; x_wconf 91' lang='lat' dir='ltr'><strong>Principem</strong></span> 
     </span>
     <span class='ocr_line' id='line_1_60' title="bbox 1084 1705 2056 1788; baseline 0.007 -18"><span class='ocrx_word' id='word_1_392' title='bbox 1084 1705 1176 1771; x_wconf 85' lang='lat' dir='ltr'><strong>luero</strong></span> <span class='ocrx_word' id='word_1_393' title='bbox 1198 1707 1372 1788; x_wconf 88' lang='lat' dir='ltr'><strong>professus,</strong></span> <span class='ocrx_word' id='word_1_394' title='bbox 1402 1707 1486 1771; x_wconf 91' lang='lat' dir='ltr'><strong>mihi</strong></span> <span class='ocrx_word' id='word_1_395' title='bbox 1508 1728 1573 1771; x_wconf 93' lang='lat' dir='ltr'><strong>non</strong></span> <span class='ocrx_word' id='word_1_396' title='bbox 1602 1729 1672 1773; x_wconf 89' lang='lat' dir='ltr'><strong>csso</strong></span> <span class='ocrx_word' id='word_1_397' title='bbox 1694 1709 1832 1774; x_wconf 90' lang='lat' dir='ltr'><strong>liberum</strong></span> <span class='ocrx_word' id='word_1_398' title='bbox 1862 1709 1984 1777; x_wconf 90' lang='lat' dir='ltr'><strong>diutius</strong></span> <span class='ocrx_word' id='word_1_399' title='bbox 2006 1724 2056 1776; x_wconf 89' lang='lat' dir='ltr'><strong>ta·</strong></span> 
     </span>
     <span class='ocr_line' id='line_1_61' title="bbox 1083 1793 2055 1880; baseline 0.003 -22"><span class='ocrx_word' id='word_1_400' title='bbox 1083 1812 1165 1869; x_wconf 84' lang='lat' dir='ltr'><strong>cere,</strong></span> <span class='ocrx_word' id='word_1_401' title='bbox 1200 1793 1317 1857; x_wconf 88' lang='lat' dir='ltr'><strong>faciam</strong></span> <span class='ocrx_word' id='word_1_402' title='bbox 1349 1815 1391 1857; x_wconf 92' lang='lat' dir='ltr'><strong>no</strong></span> <span class='ocrx_word' id='word_1_403' title='bbox 1421 1793 1483 1856; x_wconf 90' lang='lat' dir='ltr'><strong>sibi</strong></span> <span class='ocrx_word' id='word_1_404' title='bbox 1518 1794 1553 1856; x_wconf 92' lang='lat' dir='ltr'><strong>in</strong></span> <span class='ocrx_word' id='word_1_405' title='bbox 1578 1815 1637 1858; x_wconf 88' lang='lat' dir='ltr'><strong>sua</strong></span> <span class='ocrx_word' id='word_1_406' title='bbox 1666 1795 1801 1858; x_wconf 87' lang='lat' dir='ltr'><strong>vesania</strong></span> <span class='ocrx_word' id='word_1_407' title='bbox 1829 1817 1958 1880; x_wconf 92' lang='lat' dir='ltr'><strong>semper</strong></span> <span class='ocrx_word' id='word_1_408' title='bbox 1986 1797 2055 1879; x_wconf 91' lang='lat' dir='ltr'><strong>pla-</strong></span> 
     </span>
     <span class='ocr_line' id='line_1_62' title="bbox 1084 1877 2056 1954; baseline 0.004 -12"><span class='ocrx_word' id='word_1_409' title='bbox 1084 1886 1189 1942; x_wconf 87' lang='lat' dir='ltr'><strong>ceant.</strong></span> <span class='ocrx_word' id='word_1_410' title='bbox 1234 1877 1322 1954; x_wconf 90' lang='lat' dir='ltr'><strong>Vale,</strong></span> <span class='ocrx_word' id='word_1_411' title='bbox 1345 1879 1465 1943; x_wconf 83' lang='lat' dir='ltr'><strong>eximie</strong></span> <span class='ocrx_word' id='word_1_412' title='bbox 1488 1879 1538 1942; x_wconf 91' lang='lat' dir='ltr'><strong>vir</strong></span> <span class='ocrx_word' id='word_1_413' title='bbox 1560 1879 1694 1944; x_wconf 89' lang='lat' dir='ltr'><strong>etmihi</strong></span> <span class='ocrx_word' id='word_1_414' title='bbox 1723 1902 1762 1944; x_wconf 83' lang='lat' dir='ltr'><strong>ex</strong></span> <span class='ocrx_word' id='word_1_415' title='bbox 1784 1881 1892 1945; x_wconf 89' lang='lat' dir='ltr'><strong>animo</strong></span> <span class='ocrx_word' id='word_1_416' title='bbox 1914 1882 2056 1947; x_wconf 88' lang='lat' dir='ltr'><strong>colende.</strong></span> 
     </span>
     <span class='ocr_line' id='line_1_63' title="bbox 1085 1962 2056 2032; baseline 0.006 -6"><span class='ocrx_word' id='word_1_417' title='bbox 1085 1963 1144 2026; x_wconf 80' lang='lat' dir='ltr'><strong>Ex</strong></span> <span class='ocrx_word' id='word_1_418' title='bbox 1167 1962 1246 2026; x_wconf 90' lang='lat' dir='ltr'><strong>villa</strong></span> <span class='ocrx_word' id='word_1_419' title='bbox 1278 1962 1444 2028; x_wconf 87' lang='lat' dir='ltr'><strong>cuiusdam</strong></span> <span class='ocrx_word' id='word_1_420' title='bbox 1479 1964 1575 2028; x_wconf 88' lang='lat' dir='ltr'><strong>amici</strong></span> <span class='ocrx_word' id='word_1_421' title='bbox 1607 1968 1656 2028; x_wconf 82' lang='lat'><strong>24.</strong></span> <span class='ocrx_word' id='word_1_422' title='bbox 1680 1965 1768 2028; x_wconf 91' lang='lat' dir='ltr'><strong>Iunii</strong></span> <span class='ocrx_word' id='word_1_423' title='bbox 1801 1971 1889 2030; x_wconf 75' lang='lat'><strong>1557.</strong></span> <span class='ocrx_word' id='word_1_424' title='bbox 1941 1967 2056 2032; x_wconf 90' lang='lat' dir='ltr'><strong>Domi·</strong></span> 
     </span>
     <span class='ocr_line' id='line_1_64' title="bbox 1084 2049 2057 2133; baseline 0.007 -22"><span class='ocrx_word' id='word_1_425' title='bbox 1084 2069 1153 2113; x_wconf 89' lang='lat' dir='ltr'><strong>nus</strong></span> <span class='ocrx_word' id='word_1_426' title='bbox 1169 2057 1201 2112; x_wconf 88' lang='lat' dir='ltr'><strong>te</strong></span> <span class='ocrx_word' id='word_1_427' title='bbox 1224 2049 1341 2131; x_wconf 91' lang='lat' dir='ltr'><strong>spiritu</strong></span> <span class='ocrx_word' id='word_1_428' title='bbox 1362 2070 1421 2115; x_wconf 90' lang='lat' dir='ltr'><strong>suo</strong></span> <span class='ocrx_word' id='word_1_429' title='bbox 1450 2058 1544 2133; x_wconf 83' lang='lat' dir='ltr'><strong>regat</strong></span> <span class='ocrx_word' id='word_1_430' title='bbox 1572 2070 1710 2132; x_wconf 92' lang='lat' dir='ltr'><strong>semper,</strong></span> <span class='ocrx_word' id='word_1_431' title='bbox 1742 2053 1903 2132; x_wconf 87' lang='lat' dir='ltr'><strong>praesidio</strong></span> <span class='ocrx_word' id='word_1_432' title='bbox 1926 2062 2057 2118; x_wconf 89' lang='lat' dir='ltr'><strong>tueatur</strong></span> 
     </span>
     <span class='ocr_line' id='line_1_65' title="bbox 1084 2133 1839 2219; baseline 0.003 -20"><span class='ocrx_word' id='word_1_433' title='bbox 1084 2134 1238 2215; x_wconf 89' lang='lat' dir='ltr'><strong>omnique</strong></span> <span class='ocrx_word' id='word_1_434' title='bbox 1256 2133 1492 2200; x_wconf 89' lang='lat' dir='ltr'><strong>benedictionis</strong></span> <span class='ocrx_word' id='word_1_435' title='bbox 1515 2155 1633 2218; x_wconf 81' lang='lat' dir='ltr'><strong>genero</strong></span> <span class='ocrx_word' id='word_1_436' title='bbox 1654 2135 1839 2219; x_wconf 88' lang='lat' dir='ltr'><strong>locupletet.</strong></span> 
     </span>
    </p>
   </div>
   <div class='ocr_carea' id='block_1_16' title="bbox 1543 2288 1968 2354">
    <p class='ocr_par' dir='ltr' id='par_1_18' title="bbox 1543 2288 1968 2354">
     <span class='ocr_line' id='line_1_66' title="bbox 1543 2288 1968 2354; baseline 0.002 -3"><span class='ocrx_word' id='word_1_437' title='bbox 1543 2288 1684 2352; x_wconf 86' lang='lat' dir='ltr'><strong>Ioannes</strong></span> <span class='ocrx_word' id='word_1_438' title='bbox 1703 2289 1861 2354; x_wconf 79' lang='lat' dir='ltr'><strong>Calvinus</strong></span> <span class='ocrx_word' id='word_1_439' title='bbox 1885 2299 1968 2354; x_wconf 90' lang='lat' dir='ltr'><strong>tuus.</strong></span> 
     </span>
    </p>
   </div>
   <div class='ocr_carea' id='block_1_17' title="bbox 1306 2884 1828 3117">
    <p class='ocr_par' dir='ltr' id='par_1_19' title="bbox 1306 2884 1828 3117">
     <span class='ocr_line' id='line_1_67' title="bbox 1523 2884 1620 2952; baseline -0.01 0"><span class='ocrx_word' id='word_1_440' title='bbox 1523 2884 1620 2952; x_wconf 76' lang='lat'><strong>2655.</strong></span> 
     </span>
     <span class='ocr_line' id='line_1_68' title="bbox 1306 3035 1828 3117; baseline -0.006 -14"><span class='ocrx_word' id='word_1_441' title='bbox 1306 3036 1588 3117; x_wconf 74' lang='lat' dir='ltr'><strong>QUADRAuUs</strong></span> <span class='ocrx_word' id='word_1_442' title='bbox 1612 3035 1828 3102; x_wconf 83' lang='lat' dir='ltr'><strong>(lALVINO.</strong></span> 
     </span>
    </p>
   </div>
   <div class='ocr_carea' id='block_1_18' title="bbox 1084 3205 2055 3463">
    <p class='ocr_par' dir='ltr' id='par_1_20' title="bbox 1084 3205 2055 3463">
     <span class='ocr_line' id='line_1_69' title="bbox 1174 3205 2055 3290; baseline 0.003 -19"><span class='ocrx_word' id='word_1_443' title='bbox 1174 3205 1297 3272; x_wconf 76' lang='lat' dir='ltr'><strong>Caluini</strong></span> <span class='ocrx_word' id='word_1_444' title='bbox 1324 3206 1536 3273; x_wconf 71' lang='lat' dir='ltr'><strong>orthodoxiam</strong></span> <span class='ocrx_word' id='word_1_445' title='bbox 1564 3211 1600 3272; x_wconf 80' lang='lat' dir='ltr'><strong>ia</strong></span> <span class='ocrx_word' id='word_1_446' title='bbox 1627 3209 1758 3274; x_wconf 66' lang='lat' dir='ltr'><strong>ceculo</strong></span> <span class='ocrx_word' id='word_1_447' title='bbox 1779 3210 1817 3274; x_wconf 87' lang='lat' dir='ltr'><strong>de</strong></span> <span class='ocrx_word' id='word_1_448' title='bbox 1837 3209 2055 3290; x_wconf 62' lang='lat' dir='ltr'><strong>praedelibe-</strong></span> 
     </span>
     <span class='ocr_line' id='line_1_70' title="bbox 1085 3292 2055 3360; baseline 0.003 -4"><span class='ocrx_word' id='word_1_449' title='bbox 1085 3293 1166 3357; x_wconf 84' lang='lat' dir='ltr'><strong>tione</strong></span> <span class='ocrx_word' id='word_1_450' title='bbox 1187 3292 1226 3358; x_wconf 88' lang='lat' dir='ltr'><strong>ob</strong></span> <span class='ocrx_word' id='word_1_451' title='bbox 1242 3294 1420 3359; x_wconf 59' lang='lat' dir='ltr'><strong>muscarii</strong></span> <span class='ocrx_word' id='word_1_452' title='bbox 1448 3295 1610 3359; x_wconf 72' lang='lat' dir='ltr'><strong>cubadum</strong></span> <span class='ocrx_word' id='word_1_453' title='bbox 1631 3294 1806 3359; x_wconf 36' lang='lat' dir='ltr'><strong>oissrtdc&#39;cosae</strong></span> <span class='ocrx_word' id='word_1_454' title='bbox 1827 3296 2055 3360; x_wconf 74' lang='lat' dir='ltr'><strong>criminationi·</strong></span> 
     </span>
     <span class='ocr_line' id='line_1_71' title="bbox 1084 3377 1321 3463; baseline -0.017 -21"><span class='ocrx_word' id='word_1_455' title='bbox 1084 3377 1142 3442; x_wconf 79' lang='lat' dir='ltr'><strong>bas</strong></span> <span class='ocrx_word' id='word_1_456' title='bbox 1160 3379 1321 3463; x_wconf 74' lang='lat' dir='ltr'><strong>gloriator.</strong></span> 
     </span>
    </p>
   </div>
   <div class='ocr_carea' id='block_1_19' title="bbox 1239 3547 1901 3618">
    <p class='ocr_par' dir='ltr' id='par_1_21' title="bbox 1239 3547 1901 3618">
     <span class='ocr_line' id='line_1_72' title="bbox 1239 3547 1901 3618; baseline -0.003 -16"><span class='ocrx_word' id='word_1_457' title='bbox 1239 3551 1293 3614; x_wconf 71' lang='lat' dir='ltr'><strong>(dlx</strong></span> <span class='ocrx_word' id='word_1_458' title='bbox 1311 3548 1479 3618; x_wconf 84' lang='lat' dir='ltr'><strong>autographo</strong></span> <span class='ocrx_word' id='word_1_459' title='bbox 1491 3549 1553 3603; x_wconf 87' lang='lat' dir='ltr'><strong>Cod.</strong></span> <span class='ocrx_word' id='word_1_460' title='bbox 1568 3547 1668 3601; x_wconf 82' lang='lat' dir='ltr'><strong>Gener.</strong></span> <span class='ocrx_word' id='word_1_461' title='bbox 1686 3548 1744 3613; x_wconf 91' lang='lat'><strong>110,</strong></span> <span class='ocrx_word' id='word_1_462' title='bbox 1763 3549 1808 3601; x_wconf 83' lang='lat' dir='ltr'><strong>iol.</strong></span> <span class='ocrx_word' id='word_1_463' title='bbox 1827 3547 1901 3614; x_wconf 83' lang='lat'><strong>112.)</strong></span> 
     </span>
    </p>
   </div>
   <div class='ocr_carea' id='block_1_20' title="bbox 1082 3735 2053 3991">
    <p class='ocr_par' dir='ltr' id='par_1_22' title="bbox 1082 3735 2053 3991">
     <span class='ocr_line' id='line_1_73' title="bbox 1168 3735 2053 3824; baseline -0.001 -22"><span class='ocrx_word' id='word_1_464' title='bbox 1168 3735 1357 3802; x_wconf 78' lang='lat' dir='ltr'><strong>Clarissimo</strong></span> <span class='ocrx_word' id='word_1_465' title='bbox 1386 3738 1457 3802; x_wconf 91' lang='lat' dir='ltr'><strong>viro</strong></span> <span class='ocrx_word' id='word_1_466' title='bbox 1478 3736 1521 3801; x_wconf 93' lang='lat' dir='ltr'><strong>D.</strong></span> <span class='ocrx_word' id='word_1_467' title='bbox 1545 3737 1661 3801; x_wconf 91' lang='lat' dir='ltr'><strong>Ioanni</strong></span> <span class='ocrx_word' id='word_1_468' title='bbox 1686 3737 1823 3802; x_wconf 88' lang='lat' dir='ltr'><strong>Calvino</strong></span> <span class='ocrx_word' id='word_1_469' title='bbox 1847 3736 2053 3824; x_wconf 77' lang='lat' dir='ltr'><strong>Genevensis</strong></span> 
     </span>
     <span class='ocr_line' id='line_1_74' title="bbox 1084 3819 2051 3907; baseline 0.001 -21"><span class='ocrx_word' id='word_1_470' title='bbox 1084 3822 1237 3891; x_wconf 89' lang='lat' dir='ltr'><strong>ecclesiae</strong></span> <span class='ocrx_word' id='word_1_471' title='bbox 1270 3823 1392 3905; x_wconf 77' lang='lat' dir='ltr'><strong>pastori</strong></span> <span class='ocrx_word' id='word_1_472' title='bbox 1421 3822 1677 3907; x_wconf 65' lang='lat' dir='ltr'><strong>vigilantissimo.</strong></span> <span class='ocrx_word' id='word_1_473' title='bbox 1704 3833 1737 3886; x_wconf 86' lang='lat' dir='ltr'><strong>et</strong></span> <span class='ocrx_word' id='word_1_474' title='bbox 1768 3844 1826 3887; x_wconf 92' lang='lat' dir='ltr'><strong>suo</strong></span> <span class='ocrx_word' id='word_1_475' title='bbox 1863 3823 1895 3886; x_wconf 90' lang='lat' dir='ltr'><strong>in</strong></span> <span class='ocrx_word' id='word_1_476' title='bbox 1919 3819 2051 3888; x_wconf 80' lang='lat' dir='ltr'><strong>Christo</strong></span> 
     </span>
     <span class='ocr_line' id='line_1_75' title="bbox 1082 3907 1675 3991; baseline 0.003 -20"><span class='ocrx_word' id='word_1_477' title='bbox 1082 3911 1167 3991; x_wconf 88' lang='lat' dir='ltr'><strong>patri</strong></span> <span class='ocrx_word' id='word_1_478' title='bbox 1189 3919 1222 3974; x_wconf 91' lang='lat' dir='ltr'><strong>et</strong></span> <span class='ocrx_word' id='word_1_479' title='bbox 1244 3908 1373 3973; x_wconf 91' lang='lat' dir='ltr'><strong>domino</strong></span> <span class='ocrx_word' id='word_1_480' title='bbox 1396 3907 1675 3973; x_wconf 88' lang='lat' dir='ltr'><strong>reverendissimo.</strong></span> 
     </span>
    </p>
   </div>
   <div class='ocr_carea' id='block_1_21' title="bbox 1801 4009 1964 4075">
    <p class='ocr_par' dir='ltr' id='par_1_23' title="bbox 1801 4009 1964 4075">
     <span class='ocr_line' id='line_1_76' title="bbox 1801 4009 1964 4075; baseline -0.006 0"><span class='ocrx_word' id='word_1_481' title='bbox 1801 4009 1964 4075; x_wconf 83' lang='lat' dir='ltr'><strong>Genevae.</strong></span> 
     </span>
    </p>
   </div>
   <div class='ocr_carea' id='block_1_22' title="bbox 1080 4181 2051 4949">
    <p class='ocr_par' dir='ltr' id='par_1_24' title="bbox 1080 4181 2051 4949">
     <span class='ocr_line' id='line_1_77' title="bbox 1168 4181 2050 4249; baseline -0.001 -2"><span class='ocrx_word' id='word_1_482' title='bbox 1168 4181 1203 4247; x_wconf 87' lang='lat' dir='ltr'><strong>S.</strong></span> <span class='ocrx_word' id='word_1_483' title='bbox 1227 4184 1264 4249; x_wconf 94' lang='grc' dir='ltr'><strong>Ρ.</strong></span> <span class='ocrx_word' id='word_1_484' title='bbox 1304 4183 1449 4248; x_wconf 75' lang='lat' dir='ltr'><strong>Tametsi</strong></span> <span class='ocrx_word' id='word_1_485' title='bbox 1481 4182 1595 4246; x_wconf 90' lang='lat' dir='ltr'><strong>multis</strong></span> <span class='ocrx_word' id='word_1_486' title='bbox 1635 4181 1675 4244; x_wconf 92' lang='lat' dir='ltr'><strong>de</strong></span> <span class='ocrx_word' id='word_1_487' title='bbox 1708 4182 1805 4246; x_wconf 87' lang='lat' dir='ltr'><strong>rebus</strong></span> <span class='ocrx_word' id='word_1_488' title='bbox 1838 4189 1908 4245; x_wconf 85' lang='lat' dir='ltr'><strong>tum</strong></span> <span class='ocrx_word' id='word_1_489' title='bbox 1941 4201 2050 4246; x_wconf 89' lang='lat' dir='ltr'><strong>eoram</strong></span> 
     </span>
     <span class='ocr_line' id='line_1_78' title="bbox 1082 4267 2050 4351; baseline -0.002 -18"><span class='ocrx_word' id='word_1_490' title='bbox 1082 4276 1152 4333; x_wconf 91' lang='lat' dir='ltr'><strong>tum</strong></span> <span class='ocrx_word' id='word_1_491' title='bbox 1174 4288 1233 4351; x_wconf 91' lang='lat' dir='ltr'><strong>per</strong></span> <span class='ocrx_word' id='word_1_492' title='bbox 1254 4268 1365 4332; x_wconf 85' lang='lat' dir='ltr'><strong>literas</strong></span> <span class='ocrx_word' id='word_1_493' title='bbox 1383 4275 1489 4333; x_wconf 88' lang='lat' dir='ltr'><strong>tecum</strong></span> <span class='ocrx_word' id='word_1_494' title='bbox 1513 4268 1658 4333; x_wconf 85' lang='lat' dir='ltr'><strong>conferre</strong></span> <span class='ocrx_word' id='word_1_495' title='bbox 1686 4267 1884 4349; x_wconf 89' lang='lat' dir='ltr'><strong>percupiam,</strong></span> <span class='ocrx_word' id='word_1_496' title='bbox 1912 4268 1964 4329; x_wconf 91' lang='lat' dir='ltr'><strong>vir</strong></span> <span class='ocrx_word' id='word_1_497' title='bbox 1985 4267 2050 4331; x_wconf 93' lang='lat' dir='ltr'><strong>ola-</strong></span> 
     </span>
     <span class='ocr_line' id='line_1_79' title="bbox 1081 4351 2051 4437; baseline -0.003 -18"><span class='ocrx_word' id='word_1_498' title='bbox 1081 4354 1219 4431; x_wconf 88' lang='lat' dir='ltr'><strong>rissime,</strong></span> <span class='ocrx_word' id='word_1_499' title='bbox 1243 4354 1345 4418; x_wconf 90' lang='lat' dir='ltr'><strong>animi</strong></span> <span class='ocrx_word' id='word_1_500' title='bbox 1366 4353 1493 4417; x_wconf 91' lang='lat' dir='ltr'><strong>solandi</strong></span> <span class='ocrx_word' id='word_1_501' title='bbox 1515 4355 1628 4437; x_wconf 85' lang='lat' dir='ltr'><strong>gratia,</strong></span> <span class='ocrx_word' id='word_1_502' title='bbox 1662 4355 1809 4435; x_wconf 85' lang='lat' dir='ltr'><strong>ignosces</strong></span> <span class='ocrx_word' id='word_1_503' title='bbox 1831 4361 1941 4415; x_wconf 89' lang='lat' dir='ltr'><strong>tamen</strong></span> <span class='ocrx_word' id='word_1_504' title='bbox 1964 4351 2051 4433; x_wconf 88' lang='lat' dir='ltr'><strong>quod</strong></span> 
     </span>
     <span class='ocr_line' id='line_1_80' title="bbox 1081 4437 2051 4522; baseline -0.001 -18"><span class='ocrx_word' id='word_1_505' title='bbox 1081 4442 1115 4504; x_wconf 92' lang='lat' dir='ltr'><strong>in</strong></span> <span class='ocrx_word' id='word_1_506' title='bbox 1134 4451 1229 4504; x_wconf 80' lang='lat' dir='ltr'><strong>tanta</strong></span> <span class='ocrx_word' id='word_1_507' title='bbox 1248 4441 1402 4521; x_wconf 90' lang='lat' dir='ltr'><strong>temporis</strong></span> <span class='ocrx_word' id='word_1_508' title='bbox 1424 4439 1576 4522; x_wconf 87' lang='lat' dir='ltr'><strong>augustia</strong></span> <span class='ocrx_word' id='word_1_509' title='bbox 1604 4437 1756 4521; x_wconf 87' lang='lat' dir='ltr'><strong>pleraque</strong></span> <span class='ocrx_word' id='word_1_510' title='bbox 1784 4438 1942 4511; x_wconf 87' lang='lat' dir='ltr'><strong>omittam,</strong></span> <span class='ocrx_word' id='word_1_511' title='bbox 1969 4458 2051 4518; x_wconf 87' lang='lat' dir='ltr'><strong>quae</strong></span> 
     </span>
     <span class='ocr_line' id='line_1_81' title="bbox 1080 4521 2050 4607; baseline -0.003 -17"><span class='ocrx_word' id='word_1_512' title='bbox 1080 4526 1202 4607; x_wconf 87' lang='lat' dir='ltr'><strong>partim</strong></span> <span class='ocrx_word' id='word_1_513' title='bbox 1224 4547 1265 4590; x_wconf 85' lang='lat' dir='ltr'><strong>ex</strong></span> <span class='ocrx_word' id='word_1_514' title='bbox 1288 4526 1349 4589; x_wconf 90' lang='lat' dir='ltr'><strong>hoo</strong></span> <span class='ocrx_word' id='word_1_515' title='bbox 1371 4525 1491 4590; x_wconf 90' lang='lat' dir='ltr'><strong>nuncio</strong></span> <span class='ocrx_word' id='word_1_516' title='bbox 1513 4523 1635 4600; x_wconf 88' lang='lat' dir='ltr'><strong>audies,</strong></span> <span class='ocrx_word' id='word_1_517' title='bbox 1665 4524 1734 4587; x_wconf 88' lang='lat' dir='ltr'><strong>viro</strong></span> <span class='ocrx_word' id='word_1_518' title='bbox 1765 4524 1818 4604; x_wconf 90' lang='lat' dir='ltr'><strong>pio</strong></span> <span class='ocrx_word' id='word_1_519' title='bbox 1847 4533 1881 4585; x_wconf 93' lang='lat' dir='ltr'><strong>et</strong></span> <span class='ocrx_word' id='word_1_520' title='bbox 1903 4521 2050 4601; x_wconf 89' lang='lat' dir='ltr'><strong>candido,</strong></span> 
     </span>
     <span class='ocr_line' id='line_1_82' title="bbox 1081 4606 2045 4693; baseline -0.002 -19"><span class='ocrx_word' id='word_1_521' title='bbox 1081 4612 1201 4693; x_wconf 92' lang='lat' dir='ltr'><strong>partim</strong></span> <span class='ocrx_word' id='word_1_522' title='bbox 1240 4630 1341 4692; x_wconf 92' lang='lat' dir='ltr'><strong>quum</strong></span> <span class='ocrx_word' id='word_1_523' title='bbox 1377 4609 1507 4674; x_wconf 89' lang='lat' dir='ltr'><strong>dabitur</strong></span> <span class='ocrx_word' id='word_1_524' title='bbox 1545 4608 1670 4674; x_wconf 88' lang='lat' dir='ltr'><strong>occasio</strong></span> <span class='ocrx_word' id='word_1_525' title='bbox 1708 4608 1836 4692; x_wconf 84' lang='lat' dir='ltr'><strong>plonius</strong></span> <span class='ocrx_word' id='word_1_526' title='bbox 1876 4606 2045 4692; x_wconf 84' lang='lat' dir='ltr'><strong>intelliges.</strong></span> 
     </span>
     <span class='ocr_line' id='line_1_83' title="bbox 1082 4691 2049 4776; baseline -0.003 -15"><span class='ocrx_word' id='word_1_527' title='bbox 1082 4694 1250 4776; x_wconf 80' lang='lat' dir='ltr'><strong>Quantum</strong></span> <span class='ocrx_word' id='word_1_528' title='bbox 1280 4694 1374 4760; x_wconf 91' lang='lat' dir='ltr'><strong>video</strong></span> <span class='ocrx_word' id='word_1_529' title='bbox 1402 4695 1591 4776; x_wconf 87' lang='lat' dir='ltr'><strong>parturiunt</strong></span> <span class='ocrx_word' id='word_1_530' title='bbox 1620 4702 1761 4757; x_wconf 83' lang='lat' dir='ltr'><strong>montes:</strong></span> <span class='ocrx_word' id='word_1_531' title='bbox 1791 4691 1870 4775; x_wconf 91' lang='lat' dir='ltr'><strong>quid</strong></span> <span class='ocrx_word' id='word_1_532' title='bbox 1899 4703 2049 4758; x_wconf 88' lang='lat' dir='ltr'><strong>nascatur</strong></span> 
     </span>
     <span class='ocr_line' id='line_1_84' title="bbox 1080 4778 2047 4855; baseline -0.001 -10"><span class='ocrx_word' id='word_1_533' title='bbox 1080 4794 1216 4846; x_wconf 90' lang='lat' dir='ltr'><strong>eventus</strong></span> <span class='ocrx_word' id='word_1_534' title='bbox 1228 4779 1386 4846; x_wconf 86' lang='lat' dir='ltr'><strong>ostendet.</strong></span> <span class='ocrx_word' id='word_1_535' title='bbox 1421 4780 1488 4845; x_wconf 83' lang='lat' dir='ltr'><strong>Sed</strong></span> <span class='ocrx_word' id='word_1_536' title='bbox 1506 4790 1593 4844; x_wconf 88' lang='lat' dir='ltr'><strong>certo</strong></span> <span class='ocrx_word' id='word_1_537' title='bbox 1612 4781 1733 4844; x_wconf 87' lang='lat' dir='ltr'><strong>scimus</strong></span> <span class='ocrx_word' id='word_1_538' title='bbox 1750 4780 1819 4842; x_wconf 85' lang='lat' dir='ltr'><strong>iore</strong></span> <span class='ocrx_word' id='word_1_539' title='bbox 1837 4787 1873 4842; x_wconf 93' lang='lat' dir='ltr'><strong>ut</strong></span> <span class='ocrx_word' id='word_1_540' title='bbox 1884 4778 2047 4855; x_wconf 79' lang='lat' dir='ltr'><strong>Christus,</strong></span> 
     </span>
     <span class='ocr_line' id='line_1_85' title="bbox 1080 4864 2047 4949; baseline -0.002 -18"><span class='ocrx_word' id='word_1_541' title='bbox 1080 4869 1135 4948; x_wconf 92' lang='lat' dir='ltr'><strong>qui</strong></span> <span class='ocrx_word' id='word_1_542' title='bbox 1157 4874 1208 4933; x_wconf 87' lang='lat' dir='ltr'><strong>est</strong></span> <span class='ocrx_word' id='word_1_543' title='bbox 1229 4868 1361 4945; x_wconf 88' lang='lat' dir='ltr'><strong>veritas,</strong></span> <span class='ocrx_word' id='word_1_544' title='bbox 1388 4867 1502 4932; x_wconf 73' lang='lat' dir='ltr'><strong>vinem</strong></span> <span class='ocrx_word' id='word_1_545' title='bbox 1524 4876 1619 4949; x_wconf 88' lang='lat' dir='ltr'><strong>atque</strong></span> <span class='ocrx_word' id='word_1_546' title='bbox 1648 4864 1836 4947; x_wconf 85' lang='lat' dir='ltr'><strong>triumphet.</strong></span> <span class='ocrx_word' id='word_1_547' title='bbox 1883 4865 2047 4946; x_wconf 90' lang='lat' dir='ltr'><strong>Perspioio</strong></span> 
     </span>
    </p>
   </div>
   <div class='ocr_carea' id='block_1_23' title="bbox 1079 4948 2047 5036">
    <p class='ocr_par' dir='ltr' id='par_1_25' title="bbox 1079 4948 2047 5036">
     <span class='ocr_line' id='line_1_86' title="bbox 1079 4948 2047 5036; baseline -0.002 -20"><span class='ocrx_word' id='word_1_548' title='bbox 1079 4973 1159 5016; x_wconf 89' lang='lat' dir='ltr'><strong>eane</strong></span> <span class='ocrx_word' id='word_1_549' title='bbox 1181 4954 1228 5035; x_wconf 87' lang='lat' dir='ltr'><strong>(et</strong></span> <span class='ocrx_word' id='word_1_550' title='bbox 1250 4974 1325 5018; x_wconf 92' lang='lat' dir='ltr'><strong>cum</strong></span> <span class='ocrx_word' id='word_1_551' title='bbox 1347 4973 1466 5036; x_wconf 90' lang='lat' dir='ltr'><strong>magno</strong></span> <span class='ocrx_word' id='word_1_552' title='bbox 1487 4951 1617 5035; x_wconf 89' lang='lat' dir='ltr'><strong>quidem</strong></span> <span class='ocrx_word' id='word_1_553' title='bbox 1640 4950 1740 5014; x_wconf 89' lang='lat' dir='ltr'><strong>animi</strong></span> <span class='ocrx_word' id='word_1_554' title='bbox 1761 4950 1921 5024; x_wconf 89' lang='lat' dir='ltr'><strong>cruciatu)</strong></span> <span class='ocrx_word' id='word_1_555' title='bbox 1945 4948 2047 5014; x_wconf 89' lang='lat' dir='ltr'><strong>schis-</strong></span> 
     </span>
    </p>
   </div>
   <div class='ocr_carea' id='block_1_24' title="bbox 56 5086 1281 5200">
    <p class='ocr_par' dir='ltr' id='par_1_26' title="bbox 56 5086 1281 5200">
     <span class='ocr_line' id='line_1_87' title="bbox 56 5086 1281 5200; baseline -0.011 -54"><span class='ocrx_word' id='word_1_556' title='bbox 56 5094 259 5200; x_wconf 46' lang='lat' dir='ltr'><strong>eaperecrr‘pait.</strong></span> <span class='ocrx_word' id='word_1_557' title='bbox 295 5091 348 5146; x_wconf 77' lang='lat' dir='ltr'><strong>Est</strong></span> <span class='ocrx_word' id='word_1_558' title='bbox 371 5095 439 5146; x_wconf 73' lang='lat' dir='ltr'><strong>trito</strong></span> <span class='ocrx_word' id='word_1_559' title='bbox 463 5097 489 5144; x_wconf 76' lang='lat' dir='ltr'><strong>a</strong></span> <span class='ocrx_word' id='word_1_560' title='bbox 510 5095 587 5145; x_wconf 70' lang='lat' dir='ltr'><strong>aare</strong></span> <span class='ocrx_word' id='word_1_561' title='bbox 608 5089 716 5160; x_wconf 66' lang='lat' dir='ltr'><strong>uuerde</strong></span> <span class='ocrx_word' id='word_1_562' title='bbox 739 5086 806 5141; x_wconf 73' lang='lat' dir='ltr'><strong>ded</strong></span> <span class='ocrx_word' id='word_1_563' title='bbox 829 5088 964 5141; x_wconf 74' lang='lat' dir='ltr'><strong>mae&#39;as&#39;atn&#39;s</strong></span> <span class='ocrx_word' id='word_1_564' title='bbox 986 5087 1027 5141; x_wconf 77' lang='lat' dir='ltr'><strong>dl·</strong></span> <span class='ocrx_word' id='word_1_565' title='bbox 1079 5126 1281 5135; x_wconf 34' lang='grc' dir='ltr'><strong><em>ῌ-,Μ-</em></strong></span> 
     </span>
    </p>
   </div>
   <div class='ocr_carea' id='block_1_25' title="bbox 1178 5228 1368 5294">
    <p class='ocr_par' dir='ltr' id='par_1_27' title="bbox 1178 5228 1368 5294">
     <span class='ocr_line' id='line_1_88' title="bbox 1178 5228 1368 5294; baseline -0.005 -18"><span class='ocrx_word' id='word_1_566' title='bbox 1178 5228 1209 5289; x_wconf 74' lang='grc'><strong>4)</strong></span> <span class='ocrx_word' id='word_1_567' title='bbox 1228 5231 1259 5278; x_wconf 82' lang='lat' dir='ltr'><strong>ut</strong></span> <span class='ocrx_word' id='word_1_568' title='bbox 1275 5240 1368 5294; x_wconf 79' lang='lat' dir='ltr'><strong>supro.</strong></span> 
     </span>
    </p>
   </div>
   <div class='ocr_carea' id='block_1_26' title="bbox 0 0 2348 5894">
    <p class='ocr_par' dir='ltr' id='par_1_28' title="bbox 0 0 2348 5894">
     <span class='ocr_line' id='line_1_89' title="bbox 0 0 2348 5894; baseline 0 0"><span class='ocrx_word' id='word_1_569' title='bbox 0 0 2348 5894; x_wconf 95' lang='lat' dir='ltr'><strong> </strong></span> 
     </span>
    </p>
   </div>
  </div>
 </body>
</html>
